@inproceedings{conf/ipsn/NagpalSB03,
	added-at = "2011-07-05T00:00:00.000+0200",
	author = "Radhika Nagpal and Howard E. Shrobe and Jonathan Bachrach",
	booktitle = "{IPSN}",
	crossref = "conf/ipsn/2003",
	editor = "Feng Zhao and Leonidas J. Guibas",
	interhash = "ca4158f29f98e3fc16db00d2af2ebb93",
	intrahash = "3fec2d795f2eb43add3569d0c4736cdf",
	isbn = "3-540-02111-6",
	keywords = "dblp",
	localfile = "AIM-1666.pdf",
	pages = "333--348",
	publisher = "Springer",
	series = "{Lecture Notes in Computer Science}",
	title = "{Organizing a Global Coordinate System from Local Information on an Ad Hoc Sensor Network.}",
	url = "http://dblp.uni-trier.de/db/conf/ipsn/ipsn2003.html#NagpalSB03",
        extraUrl = "http://dx.doi.org/10.1007/3-540-36978-3\_22; http://www.bibsonomy.org/bibtex/23fec2d795f2eb43add3569d0c4736cdf/dblp",
	volume = 2634,
	year = 2003
}

@inproceedings{conf/ifipTCS/Given-WilsonGJ10,
	added-at = "2010-12-21T00:00:00.000+0100",
	author = "Thomas Given-Wilson and Daniele Gorla and Barry Jay",
	booktitle = "{IFIP TCS}",
	crossref = "conf/ifipTCS/2010",
	editor = "Cristian S. Calude and Vladimiro Sassone",
	interhash = "6a850f170a4dae66e9c38a45c31ccc2e",
	intrahash = "2c51ee881d7cd69359711ec0a42d696a",
	isbn = "978-3-642-15239-9",
	keywords = "dblp",
	localfile = "cpc-long.pdf",
	pages = "244--258",
	publisher = "Springer",
	series = "{IFIP}",
	title = "{Concurrent Pattern Calculus.}",
	url = "http://dblp.uni-trier.de/db/conf/ifipTCS/ifipTCS2010.html#Given-WilsonGJ10; http://dx.doi.org/10.1007/978-3-642-15240-5\_18; http://www.bibsonomy.org/bibtex/22c51ee881d7cd69359711ec0a42d696a/dblp",
	volume = 323,
	year = 2010
}

@inproceedings{conf/sfp/BrownGM00,
	added-at = "2003-01-22T00:00:00.000+0100",
	author = "Deryck F. Brown and A. Beatriz Garmendia-Doval and John A. W. McCall",
	booktitle = "{Scottish Functional Programming Workshop}",
	crossref = "conf/sfp/2000",
	date = "2003-01-22",
	description = "dblp",
	editor = "Stephen Gilmore",
	interhash = "b828948d6987aeb3ff2603bb04b76050",
	intrahash = "586d25a2c3870fb76e7510a252cdc9e4",
	isbn = "1-84150-058-5",
	keywords = "dblp",
	localfile = "haskell_ga1.pdf",
	pages = "27--38",
	publisher = "Intellect",
	series = "{Trends in Functional Programming}",
	title = "{A functional framework for the implementation of genetic algorithms: Comparing Haskell and Standard ML.}",
	url = "http://dblp.uni-trier.de/db/conf/sfp/sfp2000.html#BrownGM00; http://www.bibsonomy.org/bibtex/2586d25a2c3870fb76e7510a252cdc9e4/dblp",
	volume = 2,
	year = 2000
}

@inproceedings{conf/aaai/VenessNHS10,
	added-at = "2010-09-01T00:00:00.000+0200",
	author = "Joel Veness and Kee Siong Ng and Marcus Hutter and David Silver",
	booktitle = "{AAAI}",
	crossref = "conf/aaai/2010",
	editor = "Maria Fox and David Poole",
	interhash = "77bc97d23d0829849e91b3e3bce91d9b",
	intrahash = "9c7c2e982f2e205ae4160ba6d5d61299",
	keywords = "dblp",
	localfile = "mcaixi_ctw.pdf",
	publisher = "AAAI Press",
	title = "{Reinforcement Learning via AIXI Approximation.}",
	url = "http://dblp.uni-trier.de/db/conf/aaai/aaai2010.html#VenessNHS10; http://www.aaai.org/ocs/index.php/AAAI/AAAI10/paper/view/1722; http://www.bibsonomy.org/bibtex/29c7c2e982f2e205ae4160ba6d5d61299/dblp",
	year = 2010
}

@inproceedings{conf/ecoop/BrachaABKMM10,
	added-at = "2010-07-21T15:58:26.000+0200",
	author = "Gilad Bracha and Peter von der Ah{\'e} and Vassili Bykov and Yaron Kashai and William Maddox and Eliot Miranda",
	booktitle = "{ECOOP}",
	crossref = "conf/ecoop/2010",
	date = "2010-07-01",
	editor = "Theo D'Hondt",
	interhash = "854e691223c68a76c19d9bb12e55be6b",
	intrahash = "f8ab9dadfc7ed3d4c63ae0cf33c95604",
	isbn = "978-3-642-14106-5",
	keywords = "dblp",
	localfile = "newspeak-modules.pdf",
	pages = "405--428",
	publisher = "Springer",
	series = "{Lecture Notes in Computer Science}",
	title = "{Modules as Objects in Newspeak.}",
	url = "http://dblp.uni-trier.de/db/conf/ecoop/ecoop2010.html#BrachaABKMM10; http://dx.doi.org/10.1007/978-3-642-14107-2\_20; http://www.bibsonomy.org/bibtex/2f8ab9dadfc7ed3d4c63ae0cf33c95604/dblp",
	volume = 6183,
	year = 2010
}

@inproceedings{conf/pldi/YangCER11,
	added-at = "2011-06-07T00:00:00.000+0200",
	author = "Xuejun Yang and Yang Chen and Eric Eide and John Regehr",
	booktitle = "{PLDI}",
	crossref = "conf/pldi/2011",
	editor = "Mary W. Hall and David A. Padua",
	interhash = "43de651c497fc58c0149a33117bc7453",
	intrahash = "3b975b351e0434f8dd51a289185e806e",
	isbn = "978-1-4503-0663-8",
	keywords = "dblp",
	localfile = "pldi11-preprint.pdf",
	pages = "283--294",
	publisher = "ACM",
	title = "{Finding and understanding bugs in C compilers.}",
	url = "http://dblp.uni-trier.de/db/conf/pldi/pldi2011.html#YangCER11; http://doi.acm.org/10.1145/1993498.1993532; http://www.bibsonomy.org/bibtex/23b975b351e0434f8dd51a289185e806e/dblp",
	year = 2011
}

@inproceedings{conf/csl/Levy02,
	added-at = "2011-07-04T00:00:00.000+0200",
	author = "Paul Blain Levy",
	booktitle = "{CSL}",
	crossref = "conf/csl/2002",
	editor = "Julian C. Bradfield",
	interhash = "a04fe964594cf28da4bdc525f063f07f",
	intrahash = "db7cf49f7ae356dd21754d613df1252b",
	isbn = "3-540-44240-5",
	keywords = "dblp",
	localfile = "storagecbv.ps",
	pages = "232--246",
	publisher = "Springer",
	series = "{Lecture Notes in Computer Science}",
	title = "{Possible World Semantics for General Storage in Call-By-Value.}",
	url = "http://dblp.uni-trier.de/db/conf/csl/csl2002.html#Levy02; http://dx.doi.org/10.1007/3-540-45793-3\_16; http://www.bibsonomy.org/bibtex/2db7cf49f7ae356dd21754d613df1252b/dblp",
	volume = 2471,
	year = 2002
}

@inproceedings{conf/afp/HudakCNP02,
	added-at = "2011-07-05T00:00:00.000+0200",
	author = "Paul Hudak and Antony Courtney and Henrik Nilsson and John Peterson",
	booktitle = "{Advanced Functional Programming}",
	crossref = "conf/afp/2002",
	editor = "Johan Jeuring and Simon L. Peyton Jones",
	interhash = "81fc5e0ac08ca9c8e8d0a249a832ac7a",
	intrahash = "9ef55e8aa89e08c24731bc8f55b4b654",
	isbn = "3-540-40132-6",
	keywords = "dblp",
	localfile = "10.1.1.5.2886.pdf",
	pages = "159--187",
	publisher = "Springer",
	series = "{Lecture Notes in Computer Science}",
	title = "{Arrows, Robots, and Functional Reactive Programming.}",
	url = "http://dblp.uni-trier.de/db/conf/afp/afp2002.html#HudakCNP02; http://dx.doi.org/10.1007/978-3-540-44833-4\_6; http://www.bibsonomy.org/bibtex/29ef55e8aa89e08c24731bc8f55b4b654/dblp",
	volume = 2638,
	year = 2002
}

@inproceedings{conf/lpar/BonichonDD07,
	abstract = "dblp",
	added-at = "2007-10-19T00:00:00.000+0200",
	author = "Richard Bonichon and David Delahaye and Damien Doligez",
	booktitle = "{LPAR}",
	crossref = "conf/lpar/2007",
	date = "2007-10-19",
	editor = "Nachum Dershowitz and Andrei Voronkov",
	interhash = "af3ee431fb84723cb003cf2fd1b28044",
	intrahash = "5515353353bc9c80d1a5a2518035fdae",
	isbn = "978-3-540-75558-6",
	keywords = "dblp",
	localfile = "bonichon-delahaye-doligez-lpar-2007.pdf",
	pages = "151--165",
	publisher = "Springer",
	series = "{Lecture Notes in Computer Science}",
	title = "{Zenon : An Extensible Automated Theorem Prover Producing Checkable Proofs.}",
	url = "http://dblp.uni-trier.de/db/conf/lpar/lpar2007.html#BonichonDD07; http://dx.doi.org/10.1007/978-3-540-75560-9\_13; http://www.bibsonomy.org/bibtex/25515353353bc9c80d1a5a2518035fdae/dblp",
	volume = 4790,
	x-fetchedfrom = "Bibsonomy",
	year = 2007
}

@inproceedings{conf/lpar/Delahaye00,
	abstract = "dblp",
	added-at = "2002-07-03T00:00:00.000+0200",
	author = "David Delahaye",
	booktitle = "{LPAR}",
	crossref = "conf/lpar/2000",
	date = "2002-07-03",
	editor = "Michel Parigot and Andrei Voronkov",
	interhash = "aa1bdc4b949e03a7282368ae60c50c26",
	intrahash = "028624d95614b043116899dc97718f42",
	keywords = "dblp",
	localfile = "ltac (LPAR'00).pdf",
	pages = "85--95",
	publisher = "Springer",
	series = "{Lecture Notes in Computer Science}",
	title = "{A Tactic Language for the System Coq.}",
	url = "http://dblp.uni-trier.de/db/conf/lpar/lpar2000.html#Delahaye00; http://link.springer.de/link/service/series/0558/bibs/1955/19550085.htm; http://www.bibsonomy.org/bibtex/2028624d95614b043116899dc97718f42/dblp",
	volume = 1955,
	x-fetchedfrom = "Bibsonomy",
	year = 2000
}

@inproceedings{journals/corr/abs-1212-3618,
	added-at = "2013-10-25T00:00:00.000+0200",
	author = "Ekaterina Komendantskaya and J{\'o}nathan Heras and Gudmund Grov",
	booktitle = "{UITP}",
	crossref = "journals/corr/KaliszykL13",
	editor = "Cezary Kaliszyk and Christoph L{\"u}th",
	interhash = "21cac28fbf4a211c9743339cb14c4749",
	intrahash = "f071080b20c49d85f318140d29eaab76",
	keywords = "dblp",
	localfile = "Machine Learning in Proof General - Interfacing Interfaces.pdf",
	pages = "15--41",
	series = "{EPTCS}",
	title = "{Machine Learning in Proof General: Interfacing Interfaces}",
	url = "http://dblp.uni-trier.de/db/series/eptcs/eptcs118.html#abs-1212-3618; http://dx.doi.org/10.4204/EPTCS.118.2; http://www.bibsonomy.org/bibtex/2f071080b20c49d85f318140d29eaab76/dblp",
	volume = 118,
	x-fetchedfrom = "Bibsonomy",
	year = 2013
}

@article{adve2010memory,
	author = "S.V. Adve and H.J. Boehm",
	journal = "Communications of the ACM",
	number = "8",
	pages = "90--101",
	publisher = "ACM",
	title = "{Memory models: A case for rethinking parallel languages and hardware}",
	volume = "53",
	year = "2010"
}

@article{bickford2007extraction,
	author = "J. Bickford",
	journal = "NIAC Phase II Final Report, The Charles Stark Draper Laboratory, Inc",
	publisher = "Citeseer",
	title = "{Extraction of Antiparticles Concentrated in Planetary Magnetic Fields}",
	year = "2007"
}

@article{1106.0847v1,
	abstract = "Assuming that a particle and its antiparticle have the gravitational charge of the opposite sign, the physical vacuum may be considered as a fluid of virtual gravitational dipoles. Following this hypothesis, we present the first indications that dark matter may not exist and that the phenomena for which it was invoked might be explained by the gravitational polarization of the quantum vacuum by the known baryonic matter.",
	author = "Dragan Slavkov Hajdukovic",
	comment = "published = 2011-06-04T18:31:49Z, updated = 2011-06-04T18:31:49Z,",
	doi = "10.1007/s10509-011-0744-4",
	journal = "Astrophys.Space Sci.334:215-218,2011",
	month = jun,
	title = "{Is dark matter an illusion created by the gravitational polarization of the quantum vacuum?}",
	url = "http://arxiv.org/abs/1106.0847v1; http://arxiv.org/pdf/1106.0847v1",
	year = "2011",
        localfile = "1106.0847.pdf"
}

@article{nagpal2004catalog,
	author = "R. Nagpal",
	journal = "Engineering Self-Organising Systems",
	pages = "53--62",
	publisher = "Springer",
	title = "{A catalog of biologically-inspired primitives for engineering self-organization}",
	year = "2004"
}

@misc{nagpal2002robust,
	author = "R. Nagpal and G.J. Sussman",
	publisher = "MIT Artificial Intelligence Laboratory",
	title = "{Robust Engineering Using Biologically-Inspired Models of Cell Differentiation and Morphogenesis}",
	year = "2002"
}

@article{werfel2008three,
	author = "J. Werfel and R. Nagpal",
	journal = "The International Journal of Robotics Research",
	number = "3-4",
	pages = "463",
	publisher = "SAGE Publications",
	title = "{Three-dimensional construction with mobile robots and modular blocks}",
	volume = "27",
	year = "2008"
}

@book{nagpal2001programmable,
	author = "R. Nagpal and G.J. Sussman and H. Abelson",
	publisher = "Massachusetts Institute of Technology-Artificial Intelligence Laboratory",
	title = "{Programmable self-assembly: constructing global shape using biologically-inspired local interactions and origami mathematics}",
	year = "2001"
}

@inproceedings{Zhang2004,
	abstract = "Naive Bayes is one of the most efficient and effective inductive learning algorithms for machine learning and data mining. Its competitive performance in classification is surprising, because the conditional independence assumption on which it is based, is rarely true in realworld applications. An open question is: what is the true reason for the surprisingly good performance of naive Bayes in classification? In this paper, we propose a novel explanation on the superb classification performance of naive Bayes. We show that, essentially, the dependence distribution; i.e., how the local dependence of a node distributes in each class, evenly or unevenly, and how the local dependencies of all nodes work together, consistently (supporting a certain classification) or inconsistently (canceling each other out), plays a crucial role. Therefore, no matter how strong the dependences among attributes are, naive Bayes can still be optimal if the dependences distribute evenly in classes, or if the dependences cancel each other out. We propose and prove a sufficient and necessary conditions for the optimality of naive Bayes. Further, we investigate the optimality of naive Bayes under the Gaussian distribution. We present and prove a sufficient condition for the optimality of naive Bayes, in which the dependence between attributes do exist. This provides evidence that dependence among attributes may cancel out each other. In addition, we explore when naive Bayes works well.",
	added-at = "2011-03-27T19:35:34.000+0200",
	author = "Harry Zhang",
	booktitle = "{Proceedings of the Seventeenth International Florida Artificial Intelligence Research Society Conference (FLAIRS 2004)}",
	booktitleaddon = "May 17-19, 2004",
	editor = "Valerie Barr and Zdravko Markov",
	interhash = "a8e31b4197a90abcb0bdb2b93504acda",
	intrahash = "9288cd3adf6e5273ce7f8b74beb4c6e2",
	keywords = "bayesian; naive-bayes",
	localfile = "FLAIRS04ZhangH.pdf",
	owner = "CK",
	publisher = "AAAI Press",
	timestamp = "2008.11.22",
	title = "{The Optimality of Naive Bayes}",
	url = "http://www.bibsonomy.org/bibtex/29288cd3adf6e5273ce7f8b74beb4c6e2/cocus",
	venue = "Miami Beach, Florida, USA",
	year = 2004
}

@article{journals/corr/abs-cs-0606070,
	added-at = "2008-01-02T00:00:00.000+0100",
	author = "Shane Legg",
	date = "2008-01-02",
	description = "dblp",
	interhash = "e9c3380438bd92a18768f6d88e58bd59",
	intrahash = "d54a48d6274e3ea8fff0eaa5c830b696",
	journal = "CoRR",
	keywords = "dblp",
	localfile = "IDSIA-12-06.pdf",
	note = "informal publication",
	title = "{Is there an Elegant Universal Theory of Prediction?}",
	url = "http://dblp.uni-trier.de/db/journals/corr/corr0606.html#abs-cs-0606070; http://arxiv.org/abs/cs/0606070; http://www.bibsonomy.org/bibtex/2d54a48d6274e3ea8fff0eaa5c830b696/dblp",
	volume = "abs/cs/0606070",
	year = 2006
}

@article{journals/jflp/TongO01,
	added-at = "2002-01-15T00:00:00.000+0100",
	author = "Guanshan Tong and Michael J. O'Donnell",
	date = "2002-01-15",
	description = "dblp",
	interhash = "af3799201ec343837717a5d4a5ed15b7",
	intrahash = "de7611247211f974a7ab5c28d5431525",
	journal = "Journal of Functional and Logic Programming",
	keywords = "dblp",
	localfile = "JFLP-A2001-05.pdf",
	number = 5,
	title = "{Leveled Garbage Collection.}",
	url = "http://dblp.uni-trier.de/db/journals/jflp/jflp2001.html#TongO01; http://www.bibsonomy.org/bibtex/2de7611247211f974a7ab5c28d5431525/dblp",
	volume = 2001,
	year = 2001
}

@article{journals/tcs/Hines08,
	added-at = "2008-11-18T00:00:00.000+0100",
	author = "Peter Hines",
	date = "2008-11-18",
	description = "dblp",
	interhash = "6d09e5084318b5cda8a94c0908ceba58",
	intrahash = "103be11dfeab811ce1159b9cc85433fc",
	journal = "Theor. Comput. Sci.",
	keywords = "dblp",
	localfile = "MachineSemantics.pdf",
	number = 1,
	pages = "1--23",
	title = "{Machine semantics.}",
	url = "http://dblp.uni-trier.de/db/journals/tcs/tcs409.html#Hines08; http://dx.doi.org/10.1016/j.tcs.2008.07.015; http://www.bibsonomy.org/bibtex/2103be11dfeab811ce1159b9cc85433fc/dblp",
	volume = 409,
	year = 2008
}

@article{p157-landin,
	added-at = "2010-08-25T08:47:38.000+0200",
	address = "{New York, NY, USA}",
	author = "P. J. Landin",
	doi = "10.1145/365230.365257",
	interhash = "53cf5573448d4211417d82a5987d936a",
	intrahash = "3637914ed2d184955ccbbf61f685775c",
	issn = "{0001-0782}",
	journal = "{Commun. ACM}",
	keywords = "imported",
	localfile = "Next_700.pdf",
	number = "{3}",
	pages = "157--166",
	printed = "{Sem}",
	publisher = "{ACM}",
	title = "{The next 700 programming languages}",
	url = "http://www.bibsonomy.org/bibtex/23637914ed2d184955ccbbf61f685775c/miguel.pagano",
	volume = "{9}",
	year = "{1966}"
}

@article{allen2011self,
	author = "R. Allen",
	localfile = "SelfHandbook-Self4.4-R2.pdf",
	title = "{Self Handbook Documentation}",
	year = "2011"
}

@article{journals/corr/abs-cs-0701125,
	added-at = "2008-01-02T00:00:00.000+0100",
	author = "Marcus Hutter",
	date = "2008-01-02",
	description = "dblp",
	interhash = "968c141d2b5335db8827fb689b592983",
	intrahash = "38d1cf98c51857df031d7b49bfd9597e",
	journal = "CoRR",
	keywords = "dblp",
	localfile = "aixigentle.pdf",
	note = "informal publication",
	title = "{Universal Algorithmic Intelligence: A mathematical top->down approach}",
	url = "http://dblp.uni-trier.de/db/journals/corr/corr0701.html#abs-cs-0701125; http://arxiv.org/abs/cs/0701125; http://www.bibsonomy.org/bibtex/238d1cf98c51857df031d7b49bfd9597e/dblp",
	volume = "abs/cs/0701125",
	year = 2007
}

@inproceedings{shrofftype,
	author = "P. Shroff and S.F. Smith",
	booktitle = "{International Workshops on Foundations of Object-Oriented Languages}",
	localfile = "first-class_FOOL2004-ext_abs.pdf",
	title = "{Type Inference for First-Class Messages with Match-Functions}"
}

@article{dbjrspec,
	author = "Ted Kaehler",
	localfile = "m2011001_dbjr_spec.pdf",
	title = "{DynaBook Junior Specification}"
}

@inproceedings{McCarthy_Programs59,
	added-at = "2010-03-31T13:55:06.000+0200",
	address = "London",
	author = "John McCarthy",
	booktitle = "{Proceedings of the {T}eddington Conference on the Mechanization of Thought Processes}",
	interhash = "73597914e6cc614c92d8eedf4a1dab52",
	intrahash = "eec6b1b7b49a649b4d99d803d9daf975",
	keywords = "jabref:noKeywordAssigned",
	localfile = "mcc59.pdf",
	pages = "75--91",
	publisher = "Her Majesty's Stationary Office",
	title = "{Programs with Common Sense}",
	url = "http://www-formal.stanford.edu/jmc/mcc59.html; http://www.bibsonomy.org/bibtex/2eec6b1b7b49a649b4d99d803d9daf975/cbrewster",
	year = 1959
}

@techreport{Schmidhuber:03newai1,
	added-at = "2008-03-11T15:59:25.000+0100",
	author = "J. Schmidhuber",
	citeulike-article-id = "2509488",
	interhash = "3a04b5bdac6f48b4793b3cfe49c6ee8c",
	intrahash = "381bc4da6fb8fa485db339701514e601",
	keywords = "juergen",
	localfile = "newaiAGI.pdf",
	month = "February",
	priority = "2",
	title = "{The New {AI}: General \& Sound \& Relevant for Physics}",
	url = "http://www.bibsonomy.org/bibtex/2381bc4da6fb8fa485db339701514e601/idsia",
	year = 2003
}

@inproceedings{Hutter:01decision,
	added-at = "2008-03-11T14:52:34.000+0100",
	author = "M. Hutter",
	booktitle = "{Proc. 5th European Workshop on Reinforcement Learning (EWRL-5)}",
	citeulike-article-id = "2382184",
	interhash = "3bd5da49e20a20234e42509c0038a3c1",
	intrahash = "b6b01f644bf44596771229883de4f8b4",
	keywords = "agents; algorithmic; artificial; complexity; computational; decision; induction; intelligence; juergen; kolmogorov; learning; probability; rational; reinforcement; sequential; solomonoff; theory; universal",
	localfile = "pdecision.pdf",
	pages = "25--26",
	priority = "2",
	publisher = "Onderwijsinsituut CKI, Utrecht Univ.",
	title = "{Universal Sequential Decisions in Unknown Environments}",
	url = "http://www.hutter1.de/ai/pdecision.htm; http://www.bibsonomy.org/bibtex/2b6b01f644bf44596771229883de4f8b4/idsia",
	volume = 27,
	year = 2001
}

@article{langclaims,
	author = "Shane Markstrum",
	localfile = "plateau10-markstrum.pdf",
	title = "{Staking Claims: A History of Programming Language Design Claims and Evidence}"
}

@article{racketmacros,
	author = "Matthew Flatt and Ryan Culpepper and David Darais and Robert Bruce Findler",
	localfile = "racket-macros.pdf",
	title = "{Macros That Work Together}"
}

@phdthesis{smallturingmachines,
	author = "Turlough Neary",
	localfile = "tneary_Thesis.pdf",
	title = "{Small Universal Turing Machines}"
}

@inproceedings{conf/aaai/KollerMP97,
	added-at = "2002-01-03T00:00:00.000+0100",
	author = "Daphne Koller and David A. McAllester and Avi Pfeffer",
	booktitle = "{AAAI/IAAI}",
	date = "2002-01-03",
	description = "dblp",
	interhash = "34c3cdf84315bde6e06f6c982ba8b4fb",
	intrahash = "684261bc4c084b4a543943514d42d922",
	keywords = "dblp",
	localfile = "bayes.ps",
	pages = "740--747",
	title = "{Effective Bayesian Inference for Stochastic Programs.}",
	url = "http://dblp.uni-trier.de/db/conf/aaai/aaai97.html#KollerMP97; http://www.bibsonomy.org/bibtex/2684261bc4c084b4a543943514d42d922/dblp",
	year = 1997
}

@article{reinventquantum,
	author = "Saul Youssef",
	localfile = "mpl.ps",
	title = "{A Reformulation of Quantum Mechanics}"
}

@article{neuralrobot,
	author = "Cheng Shao and Juan Nie and Furong Gao",
	localfile = "010.pdf",
	title = "{A Robust Iterative Learning Control With Neural Networks for Robot}"
}

@inproceedings{conf/pldi/WanH00,
	added-at = "2002-12-09T00:00:00.000+0100",
	author = "Zhanyong Wan and Paul Hudak",
	booktitle = "{PLDI}",
	date = "2002-12-09",
	description = "dblp",
	interhash = "f5afb1dfcfd0c3d0ea57c20f893e2330",
	intrahash = "196097e0f3ac9eda5ebfe86e9063755a",
	keywords = "dblp",
	localfile = "10.1.1.23.360.pdf",
	pages = "242--252",
	title = "{Functional reactive programming from first principles.}",
	url = "http://dblp.uni-trier.de/db/conf/pldi/pldi2000.html#WanH00; http://doi.acm.org/10.1145/349299.349331; http://www.bibsonomy.org/bibtex/2196097e0f3ac9eda5ebfe86e9063755a/dblp",
	year = 2000
}

@article{o2003building,
	author = "C. O{\rq}Leary and M. Humphrys",
	journal = "Advances in Artificial Life",
	localfile = "109.pdf",
        resources = "/home/chris/Documents/SocietyOfMind/",
	pages = "839--846",
	publisher = "Springer",
	title = "{Building a hybrid Society of Mind using components from ten different authors}",
	year = "2003"
}

@article{10.1109/MC.2008.10,
	added-at = "2008-05-23T20:26:48.000+0200",
	address = "Los Alamitos, CA, USA",
	author = "David Harel",
	interhash = "bd9948c8d47bf38b0fcc0746903e3463",
	intrahash = "ee57be170069c0ebd90160e66c9b0d0a",
	issn = "0018-9162",
	journal = "Computer",
	keywords = "imported",
	localfile = "10.1.1.147.3837.pdf",
	number = 1,
	pages = "28--37",
	publisher = "IEEE Computer Society",
	title = "{Can Programming Be Liberated, Period?}",
	url = "http://www.bibsonomy.org/bibtex/2ee57be170069c0ebd90160e66c9b0d0a/roos",
	volume = 41,
	year = 2008
}

@article{journals/jfp/DybvigJS07,
	added-at = "2011-03-21T00:00:00.000+0100",
	author = "R. Kent Dybvig and Simon L. Peyton Jones and Amr Sabry",
	interhash = "ab4ebe6becc17428f6b1ec6441b2acf5",
	intrahash = "695a74810a47d7fd3382786b07b812f5",
	journal = "J. Funct. Program.",
	keywords = "dblp",
	localfile = "TR615.pdf",
	number = 6,
	pages = "687--730",
	title = "{A monadic framework for delimited continuations.}",
	url = "http://dblp.uni-trier.de/db/journals/jfp/jfp17.html#DybvigJS07; http://dx.doi.org/10.1017/S0956796807006259; http://www.bibsonomy.org/bibtex/2695a74810a47d7fd3382786b07b812f5/dblp",
	volume = 17,
	year = 2007
}

@inproceedings{smit2009comparing,
	author = "S.K. Smit and A.E. Eiben",
	booktitle = "{Evolutionary Computation, 2009. CEC'09. IEEE Congress on}",
	organization = "IEEE",
	pages = "399--406",
	title = "{Comparing parameter tuning methods for evolutionary algorithms}",
	year = "2009"
}

@article{cipra2000best,
	author = "B.A. Cipra",
	journal = "SIAM news",
	localfile = "637.pdf",
	number = "4",
	pages = "1--2",
	title = "{The best of the 20th century: Editors name top 10 algorithms}",
	volume = "33",
	year = "2000"
}

@misc{1104.4462v2,
	abstract = "While humanity has not yet observed any extraterrestrial intelligence (ETI), contact with ETI remains possible. Contact could occur through a broad range of scenarios that have varying consequences for humanity. However, many discussions of this question assume that contact will follow a particular scenario that derives from the hopes and fears of the author. In this paper, we analyze a broad range of contact scenarios in terms of whether contact with ETI would benefit or harm humanity. This type of broad analysis can help us prepare for actual contact with ETI even if the details of contact do not fully resemble any specific scenario.",
	author = "Seth D. Baum and Jacob D. Haqq-Misra and Shawn D. Domagal-Goldman",
	comment = "published = 2011-04-22T15:04:33Z, updated = 2011-04-22T15:04:33Z, 33 Pages, 1 Figure, PDF File",
	doi = "10.1016/j.actaastro.2010.10.012",
	journal = "Acta Astronautica (2011) 68:2114-2129",
	localfile = "L3897-1233TMP.pdf",
	month = aug,
	title = "{Would contact with extraterrestrials benefit or harm humanity? A scenario analysis}",
	url = "http://arxiv.org/abs/1104.4462v2; http://arxiv.org/pdf/1104.4462v2",
	year = "2011"
}

@book{books/daglib/0025248,
	added-at = "2011-07-01T00:00:00.000+0200",
	author = "Andrew P. Black and Mireille Ducass{\'e} and Oscar Nierstrasz and Damien Pollet",
	interhash = "1515d7f1f4f9d2c20b99be1d2e8370c5",
	intrahash = "c96730868b1925d2b35ce0e30ea03a45",
	isbn = "978-3-9523341-4-0",
	keywords = "dblp",
	localfile = "PBE1-2009-10-28.pdf",
	pages = "I--XII, 1--333",
	publisher = "Square Bracket Associates",
	title = "{Pharo by Example (Version 2010-02-01).}",
	url = "http://www.bibsonomy.org/bibtex/2c96730868b1925d2b35ce0e30ea03a45/dblp",
	year = 2010
}

@inproceedings{krishnaswami2011ultrametric,
	author = "N. Krishnaswami and N. Benton",
	booktitle = "{LICS. IEEE}",
	localfile = "frp-lics11.pdf",
	title = "{Ultrametric semantics of reactive programs}",
	year = "2011"
}

@book{Bro95,
	abstract = "Mythical Man-Month",
	added-at = "2010-01-29T15:03:54.000+0100",
	address = "Boston, MA",
	author = "Frederic P. Brooks",
	edition = "Anniversary",
	interhash = "f2b83ea707814a6cf9ea10fde3d57486",
	intrahash = "7acf7ff33969db3c83c890eeafd6f1da",
	keywords = "mythical\_man\_month",
	localfile = "mythical.pdf",
	publisher = "Addison-Wesley",
	title = "{The Mythical Man-Month}",
	url = "http://www.bibsonomy.org/bibtex/27acf7ff33969db3c83c890eeafd6f1da/wiljami74",
	x-fetchedfrom = "Bibsonomy",
	year = 1995
}

@article{journals/software/LarusBDDFPRV04,
	abstract = "dblp",
	added-at = "2004-10-26T00:00:00.000+0200",
	author = "James R. Larus and Thomas Ball and Manuvir Das and Robert DeLine and Manuel F{\"a}hndrich and Jonathan D. Pincus and Sriram K. Rajamani and Ramanathan Venkatapathy",
	date = "2004-10-26",
	interhash = "348662ec6fb9430cbe128ab4065b9d69",
	intrahash = "8b0bc1867320b4936c59401afa9ba286",
	journal = "IEEE Software",
	keywords = "dblp",
	localfile = "righting-software.pdf",
	number = 3,
	pages = "92--100",
	title = "{Righting Software.}",
	url = "http://dblp.uni-trier.de/db/journals/software/software21.html#LarusBDDFPRV04; http://csdl.computer.org/comp/mags/so/2004/03/s3092abs.htm; http://www.bibsonomy.org/bibtex/28b0bc1867320b4936c59401afa9ba286/dblp",
	volume = 21,
	x-fetchedfrom = "Bibsonomy",
	year = 2004
}

@inproceedings{conf/zum/CarringtonS94,
	abstract = "dblp",
	added-at = "2002-01-03T00:00:00.000+0100",
	author = "David A. Carrington and Phil Stocks",
	booktitle = "{Z User Workshop}",
	date = "2002-01-03",
	interhash = "9d884bc7dcb2fe35db87aafa9e16557a",
	intrahash = "ceb91209262bd811f4c0f80e6de71753",
	keywords = "dblp",
	localfile = "a_tale_of_two_paradigms_formal_methods_and_software_testing.pdf",
	pages = "51--68",
	title = "{A Tale of Two Paradigms: Formal Methods and Software Testing.}",
	url = "http://dblp.uni-trier.de/db/conf/zum/zum1994.html#CarringtonS94; http://www.bibsonomy.org/bibtex/2ceb91209262bd811f4c0f80e6de71753/dblp",
	x-fetchedfrom = "Bibsonomy",
	year = 1994
}

@article{hasselbring2006a,
	added-at = "2014-04-08T17:41:39.000+0200",
	author = "Wilhelm Hasselbring and Ralf H. Reussner",
	bdsk-url-1 = "http://sdqweb.ipd.uka.de/publications/pdfs/hasselbring2006a.pdf",
	interhash = "e4c8b435d0791357e7b0df4b1b808df5",
	intrahash = "489cd5540434737c0e4c07e114652ab2",
	journal = "IEEE Computer",
	keywords = "imported",
	localfile = "IEEEComputerTrustSoft2006.pdf",
	number = 4,
	pages = "91--92",
	title = "{{T}oward {T}rustworthy {S}oftware {S}ystems}",
	url = "http://sdqweb.ipd.uka.de/publications/pdfs/hasselbring2006a.pdf; http://www.bibsonomy.org/bibtex/2489cd5540434737c0e4c07e114652ab2/piotr.rygielski",
	volume = 30,
	x-fetchedfrom = "Bibsonomy",
	year = 2006
}

@article{eustrategy,
	localfile = "European_Software_Strategy.pdf",
	title = "{Towards a European Software Strategy}"
}

@article{nationalstudy,
	localfile = "NSS2FinalReport04-29-05PDF.pdf",
	title = "{Software 2015: A National Software Strategy to Ensure U.S. Security and Competitiveness}"
}

@article{truststudy,
	author = "James B. Michael and Jeffery M. Voas and Richard C. Linger",
	localfile = "Part 2-Workshop-Trustworthy-SW-2004.pdf",
	title = "{Proceedings of the Center for National Software Studies Workshop on Trustworthy Software}",
	year = "2004"
}

@article{journals/compsec/AbramsZ95,
	abstract = "dblp",
	added-at = "2006-03-08T00:00:00.000+0100",
	author = "Marshall D. Abrams and Marvin V. Zelkowitz",
	date = "2006-03-08",
	interhash = "0773a5e720270cd0e14e82196accb4ed",
	intrahash = "0ac882aa8679377031d84e6575467e92",
	journal = "Computers \& Security",
	keywords = "dblp",
	localfile = "abrams-zelkowitz-1995.pdf",
	number = 8,
	pages = "719--738",
	title = "{Striving for correctness.}",
	url = "http://dblp.uni-trier.de/db/journals/compsec/compsec14.html#AbramsZ95; http://dx.doi.org/10.1016/0167-4048(95)00022-4; http://www.bibsonomy.org/bibtex/20ac882aa8679377031d84e6575467e92/dblp",
	volume = 14,
	x-fetchedfrom = "Bibsonomy",
	year = 1995
}

@article{journals/corr/abs-1302-6421,
	added-at = "2013-03-01T00:00:00.000+0100",
	author = "J{\'o}nathan Heras and Ekaterina Komendantskaya",
	biburl = "http://www.bibsonomy.org/bibtex/21a5ca0f301b2e91e075267fe3c977cb1/dblp",
	ee = "http://arxiv.org/abs/1302.6421",
	interhash = "abf50a4c068f18c1a3eb8a3fb75f6ea5",
	intrahash = "1a5ca0f301b2e91e075267fe3c977cb1",
	journal = "CoRR",
	keywords = "dblp",
	title = "{ML4PG: proof-mining in Coq}",
	url = "http://dblp.uni-trier.de/db/journals/corr/corr1302.html#abs-1302-6421",
	volume = "abs/1302.6421",
	x-fetchedfrom = "Bibsonomy",
	year = 2013,
        localfile = "mpmic.pdf"
}

@misc{1301.6039v4,
	abstract = "Development of Interactive Theorem Provers has led to the creation of big libraries and varied infrastructures for formal proofs. However, despite (or perhaps due to) their sophistication, the re-use of libraries by non-experts or across domains is a challenge. In this paper, we provide detailed case studies and evaluate the machine-learning tool ML4PG built to interactively data-mine the electronic libraries of proofs, and to provide user guidance on the basis of proof patterns found in the existing libraries.",
	archiveprefix = "arXiv",
	author = "J{\'o}nathan Heras and Ekaterina Komendantskaya",
	comment = "published = 2013-01-25T13:29:29Z, updated = 2014-03-07T12:30:49Z",
	eprint = "1301.6039v4",
	localfile = "Recycling proof patterns in Coq - Case studies.pdf",
	month = mar,
	primaryclass = "cs.AI",
	title = "{Recycling Proof Patterns in Coq: Case Studies}",
	url = "http://arxiv.org/abs/1301.6039v4; http://arxiv.org/pdf/1301.6039v4",
	x-fetchedfrom = "arXiv.org",
	year = "2014"
}

@book{thom:ttfp,
	added-at = "2006-07-21T16:19:58.000+0200",
	author = "Simon Thompson",
	interhash = "15b998402cc5b1c3bf7e9b47d740533d",
	intrahash = "0432ee6734ef37edca6d0422013b90c3",
	isbn = {"0-201-41667-0"},
	keywords = "functional type programming theory",
	localfile = "ttfp.pdf",
	publisher = "Addison-Wesley",
	title = "{Type Theory and Functional Programming}",
	url = "http://www.cs.kent.ac.uk/people/staff/sjt/TTFP; http://www.bibsonomy.org/bibtex/20432ee6734ef37edca6d0422013b90c3/mobileink",
	x-fetchedfrom = "Bibsonomy",
	year = 1991
}

@article{lott1990correctness,
	author = "Christopher M Lott",
	journal = "ACM SIGSOFT Software Engineering Notes",
	localfile = "1990-quality.pdf",
	number = "5",
	pages = "19--20",
	publisher = "ACM",
	title = "{Correctness is congruent with quality}",
	volume = "15",
	year = "1990"
}

@article{beck1999embracing,
	author = "Kent Beck",
	journal = "Computer",
	localfile = "x-prog.pdf",
	number = "10",
	pages = "70--77",
	publisher = "IEEE",
	title = "{Embracing change with extreme programming}",
	volume = "32",
	year = "1999"
}

@article{kaner1997impossibility,
	author = "Cem Kaner and others",
	journal = "Software QA",
	number = "4",
	pages = "28",
	title = "{The impossibility of complete testing}",
	volume = "4",
	year = "1997",
        localfile = "impossible.pdf"
}

@book{norell2007towards,
	author = "Ulf Norell",
	localfile = "agda.pdf",
	publisher = "Citeseer",
	title = "{Towards a practical programming language based on dependent type theory}",
	volume = "32",
	year = "2007"
}

@incollection{bove2009brief,
	author = "Ana Bove and Peter Dybjer and Ulf Norell",
	booktitle = "{Theorem Proving in Higher Order Logics}",
	localfile = "agda_tut.pdf",
	pages = "73--78",
	publisher = "Springer",
	title = "{A brief overview of Agda--a functional language with dependent types}",
	year = "2009"
}

@online{Isabelle/HOL,
	author = "Larry Paulson and Tobias Nipkow and Makarius Wenzel",
	title = "{http://www.cl.cam.ac.uk/research/hvg/Isabelle}",
	url = "http://www.cl.cam.ac.uk/research/hvg/Isabelle",
	urldate = "2014-09-10"
}

@article{journals/jar/Felty93,
	added-at = "2011-05-19T00:00:00.000+0200",
	author = "Amy P. Felty",
	interhash = "541015257d155cb91b5b65bc4de8e246",
	intrahash = "4a2b4070d9f87ab9ba17387cc04fc9f9",
	journal = "J. Autom. Reasoning",
	keywords = "dblp",
	localfile = "jar.ps",
	number = 1,
	pages = "41--81",
	title = "{Implementing Tactics and Tacticals in a Higher-Order Logic Programming Language.}",
	url = "http://dblp.uni-trier.de/db/journals/jar/jar11.html#Felty93; http://dx.doi.org/10.1007/BF00881900; http://www.bibsonomy.org/bibtex/24a2b4070d9f87ab9ba17387cc04fc9f9/dblp",
	volume = 11,
	x-fetchedfrom = "Bibsonomy",
	year = 1993
}

@article{journals/iandc/MengQP06,
	abstract = "dblp",
	added-at = "2007-02-13T00:00:00.000+0100",
	author = "Jia Meng and Claire Quigley and Lawrence C. Paulson",
	date = "2007-02-13",
	interhash = "64fb555f3b7f4b422c72d3dbdab9eec5",
	intrahash = "f2ca40aabe0024047490b1292da12500",
	journal = "Inf. Comput.",
	keywords = "dblp",
	localfile = "info-and-comp.pdf",
	number = 10,
	pages = "1575--1596",
	title = "{Automation for interactive proof: First prototype.}",
	url = "http://dblp.uni-trier.de/db/journals/iandc/iandc204.html#MengQP06; http://dx.doi.org/10.1016/j.ic.2005.05.010; http://www.bibsonomy.org/bibtex/2f2ca40aabe0024047490b1292da12500/dblp",
	volume = 204,
	x-fetchedfrom = "Bibsonomy",
	year = 2006
}

@article{journals/ijcsa/VilaltaGBS04,
	abstract = "dblp",
	added-at = "2007-10-30T00:00:00.000+0100",
	author = "Ricardo Vilalta and Christophe G. Giraud-Carrier and Pavel Brazdil and Carlos Soares",
	date = "2007-10-30",
	interhash = "dc05cb52d178619fc862ea8822455e82",
	intrahash = "e6ac83af51e6995c2be35cc9dab8a0fb",
	journal = "IJCSA",
	keywords = "dblp",
	localfile = "metala_a_meta_learning_architecture.pdf",
	number = 1,
	pages = "31--45",
	title = "{Using Meta-Learning to Support Data Mining.}",
	url = "http://dblp.uni-trier.de/db/journals/ijcsa/ijcsa1.html#VilaltaGBS04; http://www.tmrfindia.org/ijcsa/V1I13.pdf; http://www.bibsonomy.org/bibtex/2e6ac83af51e6995c2be35cc9dab8a0fb/dblp",
	volume = 1,
	x-fetchedfrom = "Bibsonomy",
	year = 2004
}

@article{DBLP:journals/jair/BellemareNVB13,
  author    = {Marc G. Bellemare and
               Yavar Naddaf and
               Joel Veness and
               Michael Bowling},
  title     = {The Arcade Learning Environment: An Evaluation Platform for General
               Agents},
  journal   = {J. Artif. Intell. Res. {(JAIR)}},
  volume    = {47},
  pages     = {253--279},
  year      = {2013},
  url       = {http://dx.doi.org/10.1613/jair.3912},
  doi       = {10.1613/jair.3912},
  timestamp = {Tue, 23 Jul 2013 13:49:51 +0200},
  biburl    = {http://dblp.uni-trier.de/rec/bib/journals/jair/BellemareNVB13},
  bibsource = {dblp computer science bibliography, http://dblp.org}
}

@book{Russell:2003:AIM:773294,
 author = {Russell, Stuart J. and Norvig, Peter},
 title = {Artificial Intelligence: A Modern Approach},
 year = {2003},
 isbn = {0137903952},
 edition = {2},
 publisher = {Pearson Education},
}

@book{Sutton:1998:IRL:551283,
 author = {Sutton, Richard S. and Barto, Andrew G.},
 title = {Introduction to Reinforcement Learning},
 year = {1998},
 isbn = {0262193981},
 edition = {1st},
 publisher = {MIT Press},
 address = {Cambridge, MA, USA},
}

@article{samuel1960programming,
  title={Programming computers to play games},
  author={Samuel, Arthur L},
  journal={Advances in computers},
  volume={1},
  pages={165--192},
  year={1960},
  publisher={Elsevier}
}

@article{lee2009computational,
  title={The computational intelligence of MoGo revealed in Taiwan's computer Go tournaments},
  author={Lee, Chang-Shing and Wang, Mei-Hui and Chaslot, Guillaume and Hoock, J-B and Rimmel, Arpad and Teytaud, F and Tsai, Shang-Rong and Hsu, Shun-Chin and Hong, Tzung-Pei},
  journal={Computational Intelligence and AI in Games, IEEE Transactions on},
  volume={1},
  number={1},
  pages={73--89},
  year={2009},
  publisher={IEEE}
}

@article{veness2011monte,
  title={A monte-carlo aixi approximation},
  author={Veness, Joel and Ng, Kee Siong and Hutter, Marcus and Uther, William and Silver, David},
  journal={Journal of Artificial Intelligence Research},
  volume={40},
  number={1},
  pages={95--142},
  year={2011}
}

@article{werbos1990backpropagation,
  title={Backpropagation through time: what it does and how to do it},
  author={Werbos, Paul J},
  journal={Proceedings of the IEEE},
  volume={78},
  number={10},
  pages={1550--1560},
  year={1990},
  publisher={IEEE}
}

@article{zanzotto2012distributed,
  title={Distributed tree kernels},
  author={Zanzotto, Fabio Massimo and Dell'Arciprete, Lorenzo},
  journal={arXiv preprint arXiv:1206.4607},
  year={2012}
}

@inproceedings{plate1991holographic,
  title={Holographic Reduced Representations: Convolution Algebra for Compositional Distributed Representations.},
  author={Plate, Tony},
  booktitle={IJCAI},
  pages={30--35},
  year={1991},
  organization={Citeseer}
}

@article{hochreiter1997long,
  title={Long short-term memory},
  author={Hochreiter, Sepp and Schmidhuber, J{\"u}rgen},
  journal={Neural computation},
  volume={9},
  number={8},
  pages={1735--1780},
  year={1997},
  publisher={MIT Press}
}

@article{DBLP:journals/corr/HerasK14a,
  author    = {J{\'{o}}nathan Heras and
               Ekaterina Komendantskaya},
  title     = {HoTT formalisation in Coq: Dependency Graphs {\textbackslash}{\&}
               {ML4PG}},
  journal   = {CoRR},
  volume    = {abs/1403.2531},
  year      = {2014},
  url       = {http://arxiv.org/abs/1403.2531},
  timestamp = {Mon, 09 Aug 4461260 11:50:56 +},
  biburl    = {http://dblp.uni-trier.de/rec/bib/journals/corr/HerasK14a},
  bibsource = {dblp computer science bibliography, http://dblp.org},
  localfile = "A note on using ML4PG in HoTT and its relation to Dependency graphs.pdf"
}

@incollection{ML4GAlgebra,
  year={2013},
  isbn={978-3-642-39319-8},
  booktitle={Intelligent Computer Mathematics},
  volume={7961},
  series={Lecture Notes in Computer Science},
  editor={Carette, Jacques and Aspinall, David and Lange, Christoph and Sojka, Petr and Windsteiger, Wol  fgang},
  doi={10.1007/978-3-642-39320-4\_28},
  title={ML4PG in Computer Algebra Verification},
  url={http://dx.doi.org/10.1007/978-3-642-39320-4\_28},
  publisher={Springer Berlin Heidelberg},
  keywords={ML4PG; Interactive Theorem Proving; Coq; SSReflect; Machine Learning; Clustering; CoqEAL},
  author={Heras, J{\'{o}}nathan and Komendantskaya, Ekaterina},
  pages={354-358},
  language={English},
  localfile = "ML4PG in Computer Algebra Verification.pdf"
}

@article{DBLP:journals/corr/HerasK14,
  author    = {J{\'{o}}nathan Heras and
               Ekaterina Komendantskaya},
  title     = {Proof Pattern Search in Coq/SSReflect},
  journal   = {CoRR},
  volume    = {abs/1402.0081},
  year      = {2014},
  url       = {http://arxiv.org/abs/1402.0081},
  timestamp = {Sat, 27 Aug 4440546 05:35:28 +Reflect},
  biburl    = {http://dblp.uni-trier.de/rec/bib/journals/corr/HerasK14},
  bibsource = {dblp computer science bibliography, http://dblp.org},
  localfile = "Proof pattern search in Coq-SSReflect.pdf"
}

@article{DBLP:journals/corr/abs-1303-1419,
  author    = {J{\'{o}}nathan Heras and
               Ekaterina Komendantskaya},
  title     = {Statistical Proof Pattern Recognition: Automated or Interactive?},
  journal   = {CoRR},
  volume    = {abs/1303.1419},
  year      = {2013},
  url       = {http://arxiv.org/abs/1303.1419},
  timestamp = {Thu, 21 Oct 4456545 03:40:16 +},
  biburl    = {http://dblp.uni-trier.de/rec/bib/journals/corr/abs-1303-1419},
  bibsource = {dblp computer science bibliography, http://dblp.org},
  localfile = "Statistical Proof Pattern Recognition - Automated or Interactive.pdf"
}

@TECHREPORT{Zilberstein93operationalrationality,
    author = {Shlomo Zilberstein},
    title = {Operational Rationality through Compilation of Anytime Algorithms},
    institution = {},
    year = {1993},
    localfile = "Zshort93.pdf"
}

@inproceedings{namolaru:inria-00551512,
  TITLE = {{Practical Aggregation of Semantical Program Properties for Machine Learning Based Optimization}},
  AUTHOR = {Namolaru, Mircea and Cohen, Albert and Fursin, Grigori and Zaks, Ayal and Freund, Ari},
  URL = {https://hal.inria.fr/inria-00551512},
  BOOKTITLE = {{International Conference on Compilers Architectures and Synthesis for Embedded Systems (CASES'10)}},
  ADDRESS = {Scottsdale, United States},
  YEAR = {2010},
  MONTH = Oct,
  HAL_ID = {inria-00551512},
  HAL_VERSION = {v1},
  localfile = "ncfp2010.pdf"
}

@INPROCEEDINGS{Doyle83asociety,
    author = {Jon Doyle},
    title = {A Society of Mind - Multiple perspectives, reasoned. . .},
    booktitle = {and virtual copies, Eighth International Joint Conference on Artificial Intelligence},
    year = {1983},
    pages = {309--314},
    localfile = "som83.pdf"
}

@incollection{zilberstein1995approximate,
  title={Approximate reasoning using anytime algorithms},
  author={Zilberstein, Shlomo and Russell, Stuart},
  booktitle={Imprecise and Approximate Computation},
  pages={43--62},
  year={1995},
  publisher={Springer},
  localfile = "ZRchapter95.pdf"
}

@phdthesis{fielding2000architectural,
  title={Architectural styles and the design of network-based software architectures},
  author={Fielding, Roy Thomas},
  year={2000},
  school={University of California, Irvine},
  localfile = "Architectural Styles and the Design of Network-based Software Architectures.pdf"
}

@incollection{claessen2013automating,
  title={Automating inductive proofs using theory exploration},
  author={Claessen, Koen and Johansson, Moa and Ros{\'e}n, Dan and Smallbone, Nicholas},
  booktitle={Automated Deduction--CADE-24},
  pages={392--406},
  year={2013},
  publisher={Springer},
  localfile="hipspec-cade.pdf"
}

@INPROCEEDINGS{Claessen_hipspec:automating,
    author = {Koen Claessen and Moa Johansson and Dan Rosén and Nicholas Smallbone},
    title = {HipSpec: Automating inductive proofs of program properties},
    booktitle = {In Workshop on Automated Theory eXploration: ATX 2012},
    year = {},
    localfile = "hipspec-atx.pdf"
}

@incollection{Hipster,
  year={2014},
  isbn={978-3-319-08433-6},
  booktitle={Intelligent Computer Mathematics},
  volume={8543},
  series={Lecture Notes in Computer Science},
  editor={Watt, StephenM. and Davenport, JamesH. and Sexton, AlanP. and Sojka, Petr and Urban, Josef},
  doi={10.1007/978-3-319-08434-3\_9},
  title={Hipster: Integrating Theory Exploration in a Proof Assistant},
  url={http://dx.doi.org/10.1007/978-3-319-08434-3\_9},
  publisher={Springer International Publishing},
  author={Johansson, Moa and Rosén, Dan and Smallbone, Nicholas and Claessen, Koen},
  pages={108-122},
  language={English},
  localfile = "Hipster-cicm-2014.pdf"
}

@mastersthesis{rosen2012proving,
  title={Proving equational Haskell properties using automated theorem provers},
  author={Ros{\'e}n, Dan},
  year={2012},
  school={University of Gothenburg, Sweden},
  localfile = "thesis-danr.pdf"
}

@incollection{QuickSpec,
  year={2010},
  isbn={978-3-642-13976-5},
  booktitle={Tests and Proofs},
  volume={6143},
  series={Lecture Notes in Computer Science},
  editor={Fraser, Gordon and Gargantini, Angelo},
  doi={10.1007/978-3-642-13977-2\_3},
  title={QuickSpec: Guessing Formal Specifications Using Testing},
  url={http://dx.doi.org/10.1007/978-3-642-13977-2\_3},
  publisher={Springer Berlin Heidelberg},
  author={Claessen, Koen and Smallbone, Nicholas and Hughes, John},
  pages={6-21},
  language={English},
  localfile = "quickspec.pdf"
}

@inproceedings{le2013building,
  title={Building high-level features using large scale unsupervised learning},
  author={Le, Quoc V},
  booktitle={Acoustics, Speech and Signal Processing (ICASSP), 2013 IEEE International Conference on},
  pages={8595--8598},
  year={2013},
  organization={IEEE},
  localfile = "unsupervised_icml2012.pdf"
}

@article{buchberger2000theory,
  title={Theory exploration with Theorema},
  author={Buchberger, Bruno},
  journal={Analele Universitatii Din Timisoara, ser. Matematica-Informatica},
  volume={38},
  number={2},
  pages={9--32},
  year={2000},
  publisher={Citeseer},
  localfile = "10.1.1.58.8900.pdf"
}

@article{fearnley1996automated,
  title={Automated theorem proving and its prospects},
  author={Fearnley-Sander, Desmond},
  journal={Psyche},
  volume={2},
  pages={28},
  year={1996},
  localfile = "2339.pdf"
}

@article{howard1995formulae,
  title={The formulae-as-types notion of construction},
  author={Howard, William A},
  year={1995},
  localfile = "Howard80.pdf"
}

@inproceedings{johansson2009isacosy,
  title={Isacosy: Synthesis of inductive theorems},
  author={Johansson, Moa and Dixon, Lucas and Bundy, Alan},
  booktitle={Workshop on Automated Mathematical Theory Exploration (Automatheo)},
  year={2009},
  localfile = "Isacosy_Synthesis_of_Inductive_Theorems.pdf"
}

@article{voevodsky2013homotopy,
  title={Homotopy Type Theory: Univalent Foundations of Mathematics},
  author={Voevodsky, VA and others},
  journal={Institute for Advanced Study (Princeton), The Univalent Foundations Program},
  year={2013},
  localfile = "hott-online-611-ga1a258c.pdf"
}

@incollection{kuhlwein2013mash,
  title={MaSh: Machine learning for sledgehammer},
  author={K{\"u}hlwein, Daniel and Blanchette, Jasmin Christian and Kaliszyk, Cezary and Urban, Josef},
  booktitle={Interactive Theorem Proving},
  pages={35--50},
  year={2013},
  publisher={Springer},
  localfile = "mash.pdf"
}

@incollection{kuhlwein2012overview,
  title={Overview and evaluation of premise selection techniques for large theory mathematics},
  author={K{\"u}hlwein, Daniel and van Laarhoven, Twan and Tsivtsivadze, Evgeni and Urban, Josef and Heskes, Tom},
  booktitle={Automated Reasoning},
  pages={378--392},
  year={2012},
  publisher={Springer},
  localfile = "10.1.1.353.1512.pdf"
}

@article{lindley2014hasochism,
  title={Hasochism: the pleasure and pain of dependently typed Haskell programming},
  author={Lindley, Sam and McBride, Conor},
  journal={ACM SIGPLAN Notices},
  volume={48},
  number={12},
  pages={81--92},
  year={2014},
  publisher={ACM},
  localfile = "hasochism.pdf"
}

@inproceedings{abel2005verifying,
  title={Verifying Haskell programs using constructive type theory},
  author={Abel, Andreas and Benke, Marcin and Bove, Ana and Hughes, John and Norell, Ulf},
  booktitle={Proceedings of the 2005 ACM SIGPLAN workshop on Haskell},
  pages={62--73},
  year={2005},
  organization={ACM},
  localfile = "09e41510b748baf0bc000000.pdf"
}

@article{claessen2011quickcheck,
  title={QuickCheck: a lightweight tool for random testing of Haskell programs},
  author={Claessen, Koen and Hughes, John},
  journal={Acm sigplan notices},
  volume={46},
  number={4},
  pages={53--64},
  year={2011},
  publisher={ACM},
  localfile = "quick.pdf"
}

@techreport{RISC1482,
    author = {Bruno Buchberger},
    title = {{Theory Exploration Versus Theorem Proving}},
    language = {english},
    number = {99-46},
    year = {1999},
    month = {July},
    annote = {1999-12-00-D},
    note = {Also available as SFB Report No. 99-38, Johannes Kepler University Linz, Spezialforschungsbereich F013, December 1999},
    keywords = {automatic reasoning},
    sponsor = {SFB/FWF project F1302},
    length = {67},
    type = {RISC Report Series},
    institution = {Research Institute for Symbolic Computation (RISC), Johannes Kepler University Linz},
    address = {Schloss Hagenberg, 4232 Hagenberg, Austria},
    localfile = "99-46/B-Buchberger-1999-Talk-Calculemus99.nb.ps"
}

@book{alpaydin2014introduction,
  title={Introduction to machine learning},
  author={Alpaydin, Ethem},
  year={2014},
  publisher={MIT press},
  localfile = "Alpaydin2010_IntroductionToMl_2ed.pdf"
}

@misc{graham2002plan,
  title={A plan for spam},
  author={Graham, Paul},
  year={2002},
  localfile = "spam.html"
}

@incollection{schaul2011coherence,
  title={Coherence progress: a measure of interestingness based on fixed compressors},
  author={Schaul, Tom and Pape, Leo and Glasmachers, Tobias and Graziano, Vincent and Schmidhuber, J{\"u}rgen},
  booktitle={Artificial General Intelligence},
  pages={21--30},
  year={2011},
  publisher={Springer},
  localfile = "Artificial-General-Intelligence.pdf"
}

@article{geng2006interestingness,
  title={Interestingness measures for data mining: A survey},
  author={Geng, Liqiang and Hamilton, Howard J},
  journal={ACM Computing Surveys (CSUR)},
  volume={38},
  number={3},
  pages={9},
  year={2006},
  publisher={ACM},
  localfile = "InterestingnessMeasures.pdf"
}

@article{blum2011hybrid,
  title={Hybrid metaheuristics in combinatorial optimization: A survey},
  author={Blum, Christian and Puchinger, Jakob and Raidl, G{\"u}nther R and Roli, Andrea},
  journal={Applied Soft Computing},
  volume={11},
  number={6},
  pages={4135--4151},
  year={2011},
  publisher={Elsevier},
  localfile = "blum-11.pdf"
}

@misc{chlipala2011certified,
  title={Certified programming with dependent types},
  author={Chlipala, Adam},
  year={2011},
  publisher={MIT Press New York}
}

@incollection{bulychev2010anti,
  title={Anti-unification algorithms and their applications in program analysis},
  author={Bulychev, Peter E and Kostylev, Egor V and Zakharov, Vladimir A},
  booktitle={Perspectives of Systems Informatics},
  pages={413--423},
  year={2010},
  publisher={Springer},
  localfile="psi2009.pdf"
}

@proceedings{journals/corr/KaliszykL13,
  editor    = {Cezary Kaliszyk and
               Christoph L{\"{u}}th},
  title     = {Proceedings 10th International Workshop On User Interfaces for Theorem
               Provers, {UITP} 2012, Bremen, Germany, July 11th, 2012},
  series    = {{EPTCS}},
  volume    = {118},
  year      = {2013},
  url       = {http://dx.doi.org/10.4204/EPTCS.118},
  doi       = {10.4204/EPTCS.118},
  timestamp = {Mon, 28 Oct 2013 16:56:55 +0100},
  biburl    = {http://dblp.uni-trier.de/rec/bib/journals/corr/KaliszykL13},
  bibsource = {dblp computer science bibliography, http://dblp.org}
}

@inproceedings{heras2013proof,
  title={Proof-pattern recognition and lemma discovery in ACL2},
  author={Heras, J{\'o}nathan and Komendantskaya, Ekaterina and Johansson, Moa and Maclean, Ewen},
  booktitle={Logic for Programming, Artificial Intelligence, and Reasoning},
  pages={389--406},
  year={2013},
  organization={Springer}
}

@inproceedings{buchberger2004algorithm,
  title={Algorithm-supported mathematical theory exploration: A personal view and strategy},
  author={Buchberger, Bruno},
  booktitle={Artificial Intelligence and Symbolic Computation},
  pages={236--250},
  year={2004},
  organization={Springer},
  localfile = "2004-09-22-A.pdf"
}

@inproceedings{buchberger2000theorema,
  title={The Theorema project: A progress report},
  author={Buchberger, Bruno and Dupr{\'e}, Claudio and Jebelean, Tudor and Kriftner, Franz and Nakagawa, Koji and Vasaru, Daniela and Windsteiger, Wolfgang},
  booktitle={Proc. of Calculemus’ 2000 Conference},
  pages={98--113},
  year={2000},
  localfile="2000-08-06-A.pdf"
}

@inproceedings{pelleg2000x,
  title={X-means: Extending K-means with Efficient Estimation of the Number of Clusters.},
  author={Pelleg, Dan and Moore, Andrew W and others},
  booktitle={ICML},
  pages={727--734},
  year={2000},
  localfile="Xmeans.pdf"
}

@inproceedings{kiselyov2015freer,
  title={Freer monads, more extensible effects},
  author={Kiselyov, Oleg and Ishii, Hiromi},
  booktitle={Proceedings of the 8th ACM SIGPLAN Symposium on Haskell},
  pages={94--105},
  year={2015},
  organization={ACM},
  localfile="more.pdf"
}

@inproceedings{arthur2007k,
  title={k-means++: The advantages of careful seeding},
  author={Arthur, David and Vassilvitskii, Sergei},
  booktitle={Proceedings of the eighteenth annual ACM-SIAM symposium on Discrete algorithms},
  pages={1027--1035},
  year={2007},
  organization={Society for Industrial and Applied Mathematics},
  localfile="2006-13.pdf"
}

@article{bahmani2012scalable,
  title={Scalable k-means++},
  author={Bahmani, Bahman and Moseley, Benjamin and Vattani, Andrea and Kumar, Ravi and Vassilvitskii, Sergei},
  journal={Proceedings of the VLDB Endowment},
  volume={5},
  number={7},
  pages={622--633},
  year={2012},
  publisher={VLDB Endowment},
  localfile="p622_bahmanbahmani_vldb2012.pdf"
}

@inproceedings{spector2008genetic,
  title={Genetic programming for finite algebras},
  author={Spector, Lee and Clark, David M and Lindsay, Ian and Barr, Bradford and Klein, Jon},
  booktitle={Proceedings of the 10th annual conference on Genetic and evolutionary computation},
  pages={1291--1298},
  year={2008},
  organization={ACM},
  localfile="Spector-PAPER.pdf"
}

@inproceedings{bottou1994convergence,
  title={Convergence Properties of the K-Means Algorithms.},
  author={Bottou, Leon and Bengio, Yoshua},
  booktitle={Advances in Neural Information Processing Systems 7,[NIPS Conference, Denver, Colorado, USA, 1994]},
  pages={585--592},
  year={1994},
  localfile="989-convergence-properties-of-the-k-means-algorithms.pdf"
}

@incollection{fernando2013design,
  title={Design for a darwinian brain: part 2. cognitive architecture},
  author={Fernando, Chrisantha and Vasas, Vera and Churchill, Alexander W},
  booktitle={Biomimetic and Biohybrid Systems},
  pages={83--95},
  year={2013},
  publisher={Springer},
  localfile="1303.7201.pdf"
}

@article{warburtonscaling,
  title={Scaling Automated Theory Exploration},
  author={Warburton, Chris and Komendantskaya, Ekaterina},
  journal={Proceedings of AI4FM 2015},
  year={2015},
  publisher={Department of Computer Science, Heriot-Watt University},
  localfile="ML4HS.pdf"
}

@book{colton2012automated,
  title={Automated theory formation in pure mathematics},
  author={Colton, Simon},
  year={2012},
  publisher={Springer Science \& Business Media}
}

@article{huet1973undecidability,
  title={The undecidability of unification in third order logic},
  author={Huet, G{\'e}rard P},
  journal={Information and control},
  volume={22},
  number={3},
  pages={257--267},
  year={1973},
  publisher={Elsevier},
  localfile="1-s2.0-S001999587390301X-main.pdf"
}

@article{boyer1994qed,
  title={The QED manifesto},
  author={Boyer, Robert and others},
  journal={Automated Deduction--CADE},
  volume={12},
  pages={238--251},
  year={1994},
  localfile="wiedijk_2.pdf"
}

@article{barendregt2005challenge,
  title={The challenge of computer mathematics},
  author={Barendregt, Henk and Wiedijk, Freek},
  journal={Philosophical Transactions of the Royal Society of London A: Mathematical, Physical and Engineering Sciences},
  volume={363},
  number={1835},
  pages={2351--2375},
  year={2005},
  publisher={The Royal Society},
  localfile="RSpaper.pdf"
}

@book{nipkow2002isabelle,
  title={Isabelle/HOL: a proof assistant for higher-order logic},
  author={Nipkow, Tobias and Paulson, Lawrence C and Wenzel, Markus},
  volume={2283},
  year={2002},
  publisher={Springer Science \& Business Media}
}

@book{bertot2013interactive,
  title={Interactive theorem proving and program development: Coq’Art: the calculus of inductive constructions},
  author={Bertot, Yves and Cast{\'e}ran, Pierre},
  year={2013},
  publisher={Springer Science \& Business Media}
}

@article{wadler2015propositions,
  title={Propositions as types},
  author={Wadler, Philip},
  journal={Communications of the ACM},
  year={2015}
}

@article{hales2015formal,
  title={A formal proof of the Kepler conjecture},
  author={Hales, Thomas and Adams, Mark and Bauer, Gertrud and Dang, Dat Tat and Harrison, John and Hoang, Truong Le and Kaliszyk, Cezary and Magron, Victor and McLaughlin, Sean and Nguyen, Thang Tat and others},
  journal={arXiv preprint arXiv:1501.02155},
  year={2015}
}

@article{meng2006automation,
  title={Automation for interactive proof: First prototype},
  author={Meng, Jia and Quigley, Claire and Paulson, Lawrence C},
  journal={Information and Computation},
  volume={204},
  number={10},
  pages={1575--1596},
  year={2006},
  publisher={Elsevier}
}

@article{newell1956logic,
  title={The logic theory machine--A complex information processing system},
  author={Newell, Allen and Simon, Herbert and others},
  journal={Information Theory, IRE Transactions on},
  volume={2},
  number={3},
  pages={61--79},
  year={1956},
  publisher={IEEE}
}

@article{newell1958elements,
  title={Elements of a theory of human problem solving.},
  author={Newell, Allen and Shaw, John Calman and Simon, Herbert A},
  journal={Psychological review},
  volume={65},
  number={3},
  pages={151},
  year={1958},
  publisher={American Psychological Association}
}

@article{lungarella2003developmental,
  title={Developmental robotics: a survey},
  author={Lungarella, Max and Metta, Giorgio and Pfeifer, Rolf and Sandini, Giulio},
  journal={Connection Science},
  volume={15},
  number={4},
  pages={151--190},
  year={2003},
  publisher={Taylor \& Francis},
  localfile="09540090310001655110.pdf"
}

@article{anderson2003embodied,
  title={Embodied cognition: A field guide},
  author={Anderson, Michael L},
  journal={Artificial intelligence},
  volume={149},
  number={1},
  pages={91--130},
  year={2003},
  publisher={Elsevier},
  localfile="1-s2.0-S0004370203000547-main.pdf"
}

@article{colton1999automatic,
  title={Automatic concept formation in pure mathematics},
  author={Colton, Simon and Bundy, Alan and Walsh, Toby},
  year={1999},
  localfile="cbwijcai99.pdf"
}

@article{colton2000notion,
  title={On the notion of interestingness in automated mathematical discovery},
  author={Colton, Simon and Bundy, Alan and Walsh, Toby},
  journal={International Journal of Human-Computer Studies},
  volume={53},
  number={3},
  pages={351--375},
  year={2000},
  publisher={Elsevier},
  localfile="colton_ijhcs00.pdf"
}

@inproceedings{auerbach2014online,
  title={Online extreme evolutionary learning machines},
  author={Auerbach, Joshua E and Fernando, Chrisantha and Floreano, Dario},
  booktitle={Artificial Life 14: Proceedings of the Fourteenth International Conference on the Synthesis and Simulation of Living Systems},
  number={EPFL-CONF-200273},
  pages={465--472},
  year={2014},
  organization={The MIT Press},
  localfile="978-0-262-32621-6-ch076.pdf"
}

@article{anthony2014general,
  title={General self-motivation and strategy identification: Case studies based on Sokoban and Pac-Man},
  author={Anthony, Tiffany and Polani, Daniel and Nehaniv, Chrystopher L},
  journal={Computational Intelligence and AI in Games, IEEE Transactions on},
  volume={6},
  number={1},
  pages={1--17},
  year={2014},
  publisher={IEEE},
  localfile="906989.pdf"
}

@article{oudeyer2007intrinsic,
  title={What is intrinsic motivation? a typology of computational approaches},
  author={Oudeyer, Pierre-Yves and Kaplan, Frederic},
  journal={Frontiers in neurorobotics},
  volume={1},
  year={2007},
  publisher={Frontiers Research Foundation},
  localfile="fnbot-01-006.pdf"
}

@inproceedings{marshall2004emergent,
  title={An emergent framework for self-motivation in developmental robotics},
  author={Marshall, J and Blank, Douglas and Meeden, Lisa},
  booktitle={Proceedings of the 3rd international conference on development and learning (ICDL 2004), Salk Institute, San Diego},
  volume={10},
  year={2004},
  localfile="blank.pdf"
}

@article{lehman2011abandoning,
  title={Abandoning objectives: Evolution through the search for novelty alone},
  author={Lehman, Joel and Stanley, Kenneth O},
  journal={Evolutionary computation},
  volume={19},
  number={2},
  pages={189--223},
  year={2011},
  publisher={MIT Press},
  localfile="lehman_ecj10.pdf"
}

@article{sareni1998fitness,
  title={Fitness sharing and niching methods revisited},
  author={Sareni, Bruno and Kr{\"a}henb{\"u}hl, Laurent},
  journal={Evolutionary Computation, IEEE Transactions on},
  volume={2},
  number={3},
  pages={97--106},
  year={1998},
  publisher={IEEE},
  localfile="IEEE_EC_2-3_09-1998_0097_Fitness_sharing.pdf"
}

@article{goldberg1992massive,
  title={Massive multimodality, deception, and genetic algorithms},
  author={Goldberg, David E and Deb, Kalyanmoy and rey Horn, Je},
  journal={Urbana},
  volume={51},
  pages={61801},
  year={1992},
  publisher={Citeseer},
  localfile="10.1.1.48.8442.pdf"
}

@article{goldberg1987simple,
  title={Simple genetic algorithms and the minimal, deceptive problem},
  author={Goldberg, David E},
  journal={Genetic algorithms and simulated annealing},
  volume={74},
  pages={88},
  year={1987}
}

@article{back1997evolutionary,
  title={Evolutionary computation: Comments on the history and current state},
  author={B{\"a}ck, Thomas and Hammel, Ulrich and Schwefel, Hans-Paul},
  journal={Evolutionary computation, IEEE Transactions on},
  volume={1},
  number={1},
  pages={3--17},
  year={1997},
  publisher={IEEE},
  localfile="evolutionary computation history.pdf"
}

@book{banzhaf1998genetic,
  title={Genetic programming: an introduction},
  author={Banzhaf, Wolfgang and Nordin, Peter and Keller, Robert E and Francone, Frank D},
  volume={1},
  year={1998},
  publisher={Morgan Kaufmann San Francisco},
  localfile="Genetic Programming An Introduction  On the Automatic Evolution of Computer Programs and its Applications - Morgan Kaufmann.pdf"
}

@article{baum2000evolution,
  title={Evolution of cooperative problem solving in an artificial economy},
  author={Baum, Eric B and Durdanovic, Igor},
  journal={Neural Computation},
  volume={12},
  number={12},
  pages={2743--2775},
  year={2000},
  publisher={MIT Press},
  localfile="baum_nc00.pdf"
}

@article{schmidhuber2006developmental,
  title={Developmental robotics, optimal artificial curiosity, creativity, music, and the fine arts},
  author={Schmidhuber, J{\"u}rgen},
  journal={Connection Science},
  volume={18},
  number={2},
  pages={173--187},
  year={2006},
  publisher={Taylor \& Francis},
  localfile="09540090600768658.pdf"
}

@article{barendregt2001proof,
  title={Proof-Assistants Using Dependent Type Systems.},
  author={Barendregt, Henk and Geuvers, Herman},
  journal={Handbook of automated reasoning},
  volume={2},
  pages={1149--1238},
  year={2001},
  localfile="barendregt01proofassistants.pdf"
}

@inproceedings{lenat1977automated,
  title={Automated Theory Formation in Mathematics.},
  author={Lenat, Douglas B},
  booktitle={IJCAI},
  volume={77},
  pages={833--842},
  year={1977},
  locafile="061.pdf"
}
