@ARTICLE{,
 AUTHOR   ={},
 YEAR     ={},
 TITLE    ={},
 JOURNAL  ={},
 VOLUME   ={},
 NUMBER   ={},
 PAGES    ={},
 PUBLISHER={},
 ADDRESS  ={},
 }

@BOOK{,
 AUTHOR	   ={},
 TITLE	   ={},
 PUBLISHER ={},
 YEAR      ={},
 ADDRESS   ={},
 }


@phdthesis{,
   author = "",
   title = "",
   school = "",
   year = ""}

@INCOLLECTION{,
 AUTHOR   ={},
 YEAR     ={},
 TITLE    ={},
 EDITOR   ={},
 BOOKTITLE={},
 PAGES    ={},
 PUBLISHER={},
 ADDRESS  ={},
}

@INPROCEEDINGS{,
 AUTHOR   ={},
 YEAR     ={},
 TITLE    ={},
 BOOKTITLE={},
 PUBLISHER={}, 
 ADDRESS  ={},
 }

@ONLINE{,
author = {},
title = {},
month = {},
year = {},
howpublished={\url{}}
}



@INPROCEEDINGS{grace,
 AUTHOR   ={Grace, K. and Maher, M.L. and Mohseni, M. and P\'erez y P\'erez, R.},
 YEAR     ={2017},
 TITLE    ={Encouraging p-creative behaviour with computational curiosity},
 BOOKTITLE={Proceedings of the 8th International Conference on Computational Creativity},
 PUBLISHER={}, 
 ADDRESS  ={},
 }

@ARTICLE{inglis:15,
 AUTHOR   ={Inglis, Matthew and  Andrew Aberdein},
 YEAR     ={2015},
 TITLE    ={Beauty Is Not Simplicity: An Analysis of Mathematicians' Proof Appraisals },
 JOURNAL  ={Philosophia Mathematica},
 VOLUME   ={23},
 NUMBER   ={1},
 PAGES    ={87--109},
 PUBLISHER={},
 ADDRESS  ={},
 }

@ARTICLE{inglis,
AUTHOR   ={Inglis, Matthew and Juan Pablo and Mejia-Ramos and Keith
                  Weber and Lara Alcock},

 YEAR     ={2013},
 TITLE    ={On Mathematicians' Different Standards When Evaluating Elementary Proofs},
 JOURNAL  ={Topics in Cognitive Science},
 VOLUME   ={5},
 NUMBER   ={2},
 PAGES    ={270--282},
 PUBLISHER={Wiley},
 ADDRESS  ={},
 }


@INPROCEEDINGS{ventura,
 AUTHOR   ={Ventura, Dan},
 YEAR     ={2016},
 TITLE    ={Mere Generation: Essential Barometer or Dated Concept?},
 BOOKTITLE={Proceedings of the 7th International Conference on Computational Creativity},
 PUBLISHER={}, 
 ADDRESS  ={},
 }

@ARTICLE{dibbets,
 AUTHOR   ={Dibbets, Jan},
 YEAR     ={2002},
 TITLE    ={Interactions between science and art },
 JOURNAL  ={Cardiovascular Research},
 VOLUME   ={56},
 NUMBER   ={3},
 PAGES    ={330--331},
 PUBLISHER={},
 ADDRESS  ={},
 }

@ARTICLE{bond,
 AUTHOR   ={Bond, C. E. and A.D. Gibbs and Z.K. Shipton and S. Jones },
 YEAR     ={2007},
 TITLE    ={What do you think this is? "Conceptual uncertainty" in
                  geoscience interpretation},
 JOURNAL  ={GSA Today},
 VOLUME   ={17},
 NUMBER   ={11},
 PAGES    ={4--10},
 PUBLISHER={},
 ADDRESS  ={},
 }

@ARTICLE{rankey,
 AUTHOR   ={Rankey, Eugene C.},
 YEAR     ={2003},
 TITLE    ={Interpreter's Corner -- That's why it's called interpretation: Impact of horizon uncertainty on seismic attribute analysis},
 JOURNAL  ={The Leading Edge},
 VOLUME   ={22},
 NUMBER   ={9},
 PAGES    ={},
 PUBLISHER={},
 ADDRESS  ={},
 }

@INCOLLECTION{colton:2015,
 AUTHOR   ={S Colton and A Pease and J Corneli and M Cook and R
                  Hepworth and D Ventura},
 YEAR     ={2015},
 TITLE    ={Stakeholder Groups in Computational Creativity Research and Practice},
 EDITOR   ={Tarek Richard Besold and Marco Schorlemmer and Alan Smaill (Eds.)},
 BOOKTITLE={Computational Creativity Research: Towards Creative Machines},
 PAGES    ={3-36},
 PUBLISHER={Springer: Atlantis Thinking Machines, Vol. 7,},
 ADDRESS  ={},
}

@ARTICLE{atf-the-next-generation,
 AUTHOR   ={Pease, A. and Colton, S. and Charnley, J.},
 YEAR     ={2013},
 TITLE    ={Automated Theory Formation: The Next Generation},
 JOURNAL  ={IFCoLog Lectures in Computational Logic},
 VOLUME   ={},
 NUMBER   ={},
 PAGES    ={},
 PUBLISHER={College Publications},
 ADDRESS  ={},
 }


@INPROCEEDINGS{colton11,
 AUTHOR   ={Colton, S. and Pease, A. and Charnley, J.},
 YEAR     ={2011},
 TITLE    ={Computational Creativity Theory: The {F}{A}{C}{E} and
                  {I}{D}{E}{A} Descriptive Models},
 BOOKTITLE={2nd International Conference on Computational Creativity},
 PUBLISHER={},
 ADDRESS  ={},
 }


@BOOK{nielsen,
 AUTHOR	   ={Nielsen, M.},
 TITLE	   ={Reinventing Discovery: The New Era of Networked Science},
 PUBLISHER ={Princeton University Press},
 YEAR      ={2011},
 ADDRESS   ={USA},
 }


@ARTICLE{massively-collaborative,
 AUTHOR   ={Gowers, T. and Nielsen, M.},
 YEAR     ={2009},
 TITLE    ={Massively collaborative mathematics},
 JOURNAL  ={Nature},
 VOLUME   ={461},
 NUMBER   ={7266},
 PAGES    ={879--881},
 PUBLISHER={},
 ADDRESS  ={},
 }

@ARTICLE{ball:12,
 AUTHOR   ={Philip Ball},
 YEAR     ={2012},
 TITLE    ={Proof claimed for deep connection between primes},
 JOURNAL  ={Nature},
 VOLUME   ={},
 NUMBER   ={},
 PAGES    ={},
 PUBLISHER={},
 ADDRESS  ={},
 }


@ARTICLE{wason,
 AUTHOR   ={Wason, P. C. and  Shapiro, Diana},
 YEAR     ={1971},
 TITLE    ={Natural and contrived experience in a reasoning problem},
 JOURNAL  ={Quarterly Journal of Experimental Psychology},
 VOLUME   ={23},
 NUMBER   ={},
 PAGES    ={63--71},
 PUBLISHER={},
 ADDRESS  ={},
 }

@incollection{martin:2013,
year={2013},
isbn={978-3-642-39319-8},
booktitle={Intelligent Computer Mathematics},
volume={7961},
series={Lecture Notes in Computer Science},
editor={Carette, Jacques and Aspinall, David and Lange, Christoph and Sojka, Petr and Windsteiger, Wolfgang},
doi={10.1007/978-3-642-39320-4_7},
title={Mathematical Practice, Crowdsourcing, and Social Machines},
url={http://dx.doi.org/10.1007/978-3-642-39320-4_7},
publisher={Springer Berlin Heidelberg},
author={Martin, Ursula and Pease, Alison},
pages={98-119},
language={English}
}

@ARTICLE{,
 AUTHOR   ={Jan Dibbets},
 YEAR     ={2002},
 TITLE    ={Interactions between science and art},
 JOURNAL  ={Cardiovascular Research},
 VOLUME   ={56},
 NUMBER   ={3},
 PAGES    ={330--331},
 PUBLISHER={https://doi.org/10.1016/S0008-6363(02)00702-2},
 ADDRESS  ={},
 }


@BOOK{lakatos,
 AUTHOR	   ={Lakatos, I.},
 TITLE	   ={Proofs and Refutations},
 PUBLISHER ={Cambridge University Press},
 YEAR      ={1976},
 ADDRESS   ={Cambridge},
 }


@BOOK{barton,
 AUTHOR	   ={Barton, B.},
 TITLE	   ={The Language of Mathematics: Telling Mathematical Tales},
 PUBLISHER ={Mathematics Education Library, Vol. 46. Springer},
 YEAR      ={2009},
 ADDRESS   ={},
 }

@ARTICLE{dehaene,
 AUTHOR   ={Dehaene, S. and Izard, V. and Spelke, E. and Pica, P.},
 YEAR     ={2008},
 TITLE    ={Log or Linear? {D}istinct Intuitions of the Number Scale in {W}estern and {A}mazonian {I}ndigene Cultures},
 JOURNAL  ={Science},
 VOLUME   ={320},
 NUMBER   ={5880},
 PAGES    ={1217-1220},
 PUBLISHER={},
 ADDRESS  ={},
 }

@Book{Lak00,
  author =	 {Lakoff, G. and {N\'u\~nez}, R.},
  title = 	 {Where Mathematics Comes From: How the Embodied Mind Brings
  Mathematics into Being},
  publisher = 	 {Basic Books},
  ADDRESS   ={New York},
  year = 	 {2000}
}



@ARTICLE{ghanbari,
 AUTHOR   ={Ghanbari, S.},
 YEAR     ={2015},
 TITLE    ={Learning across disciplines: A collective case study
of two university programs that integrate the arts with STEM.},
 JOURNAL  ={nternational Journal
of Education and the Arts},
 VOLUME   ={16},
 NUMBER   ={7},
 PAGES    ={},
 PUBLISHER={},
 ADDRESS  ={http://www.ijea.org/v165n7},
 }


@BOOK{gaff,
 AUTHOR	   ={Jerry G Gaff and Ratcliff, James L. (Eds.)},
 TITLE	   ={Handbook of the Undergraduate Curriculum A Comprehensive Guide to Purposes, Structures, Practices, and Change - The Jossey-Bass Higher and Adult Education Series},
 PUBLISHER ={Wiley},
 YEAR      ={1996},
 ADDRESS   ={},
 }


Van Camp, Julie (22 November 2006). "Congressional definition of "the arts"". PHIL 361I: Philosophy of Art. California State University, Long Beach

@BOOK{newton:2000,
 AUTHOR	   ={Roger G. Newton},
 TITLE	   ={The Truth of Science:
Physical Theories and Reality},
 PUBLISHER ={Harvard University Press},
 YEAR      ={2000},
 ADDRESS   ={Cambridge, Massachusetts},
 }

@INCOLLECTION{haselton,
 AUTHOR   ={Haselton, M. G. and Nettle, D. and Andrews, P. W.},
 YEAR     ={2005},
 TITLE    ={The evolution of cognitive bias.},
 EDITOR   ={D. M. Buss},
 BOOKTITLE={The Handbook of Evolutionary Psychology},
 PAGES    ={724--746},
 PUBLISHER={John Wiley and Sons Inc.},
 ADDRESS  ={Hoboken, NJ, US},
}



@BOOK{sutherland,
 AUTHOR	   ={Stuart Sutherland},
 TITLE	   ={Irrationality: The enemy within},
 PUBLISHER ={Pinter and Martin Ltd.},
 YEAR      ={2013},
 ADDRESS   ={},
 }

@ARTICLE{baker,
 AUTHOR   ={Baker, M.},
 YEAR     ={2016},
 TITLE    ={1,500 scientists lift the lid on reproducibility},
 JOURNAL  ={Nature},
 VOLUME   ={},
 NUMBER   ={533},
 PAGES    ={452--454},
 PUBLISHER={},
 ADDRESS  ={},
 }

@ARTICLE{macleod,
 AUTHOR   ={Macleod, M. R. and Michie, S. and Roberts, I. and Dirnagl,
                  U. and Chalmers, I. and Ioannidis, J. and Al-Shahi
                  Salman, R. and Chan, A. and Glasziou, P.},
 YEAR     ={2014},
 TITLE    ={Biomedical research: increasing value, reducing waste.},
 JOURNAL  ={Lancet},
 VOLUME   ={},
 NUMBER   ={383},
 PAGES    ={101--104},
 PUBLISHER={},
 ADDRESS  ={},
 }

@article{ioannidis,
    author = {Ioannidis, John P. A.},
    journal = {PLOS Medicine},
    publisher = {Public Library of Science},
    title = {Why Most Published Research Findings Are False},
    year = {2005},
    month = {08},
    volume = {2},
    url = {https://doi.org/10.1371/journal.pmed.0020124},
    pages = {},
    abstract = {Published research findings are sometimes refuted by subsequent evidence, says Ioannidis, with ensuing confusion and disappointment.},
    number = {8},
    doi = {10.1371/journal.pmed.0020124}
}

@article{munafo,
    author = {Munaf\`{o}, Marcus R. and Nosek, Brian A. and Bishop, Dorothy V. M. and Button, Katherine S. and Chambers, Christopher D. and Percie du Sert, Nathalie and Simonsohn, Uri and Wagenmakers, Eric-Jan and Ware, Jennifer J. and Ioannidis, John P. A.},
    citeulike-article-id = {14250247},
    citeulike-linkout-0 = {http://dx.doi.org/10.1038/s41562-016-0021},
    day = {10},
    doi = {10.1038/s41562-016-0021},
    issn = {2397-3374},
    journal = {Nature Human Behaviour},
    keywords = {reproducibility, review},
    month = jan,
    number = {1},
    pages = {0021+},
    posted-at = {2017-01-23 21:35:03},
    priority = {2},
    title = {{A manifesto for reproducible science}},
    url = {http://dx.doi.org/10.1038/s41562-016-0021},
    volume = {1},
    year = {2017}
}

@techreport{krishnan2009academic,
  added-at = {2011-02-04T14:56:04.000+0100},
  author = {Krishnan, Armin},
  biburl = {https://www.bibsonomy.org/bibtex/2fddb0f14915977e60c504c5e58f52bb5/wdees},
  interhash = {fddf4a69165b6e859eb1aaa3029d5563},
  intrahash = {fddb0f14915977e60c504c5e58f52bb5},
  keywords = {disziplin gelesen interdisziplinarität},
  number = {03/09},
  publisher = {National Centre for Research Methods},
  series = {NCRM Working Paper Series},
  timestamp = {2011-02-04T14:56:04.000+0100},
  title = {What Are Academic Disciplines? Some Observations on the Disciplinarity vs. Interdisciplinarity Debate},
  url = {http://eprints.ncrm.ac.uk/783/1/what_are_academic_disciplines.pdf},
  year = 2009
}

  @book{boden92,
author = {Margaret Boden},
title = {The Creative Mind},
publisher = {Abacus},
address = {London},
year = {1992},
}

@article{ritchie07,
 author  = {Graeme Ritchie},
 title = {Some Empirical Criteria for Attributing Creativity to a Computer Program},
 journal = {Minds and Machines},
 publisher = {Springer},
 year = {2007}, 
 pages = {76-99},
 volume = {17},
}


@misc{UCI,
 author = "A. Asuncion and D.J. Newman",
 title = "{UCI} Machine Learning Repository", 
 note = "http://www.ics.uci.edu/~mlearn/MLRepository.html",
 howpublished = "University of California, Irvine, School of Information and Computer Sciences"
}


@inproceedings{loughran17,
 author = {R\'ois\'ın Loughran and Michael O'Neill},
 title = {Application Domains Considered in Computational Creativity},
 booktitle = {Proceedings of the Eighth International Conference on Computational Creativity (ICCC-17)},
 year = {2017},
 pages = {197--204},
 }
 
 


@article{lyu04,
 author = {Siwei Lyu and Daniel Rockmore and Hany Farid},
 title = {A Digital Technique for Art Authentication},
 journal = {Proceedings of the National Academy of Sciences},
 volume = {101},
 number = {49},
 year = {2004},
 pages = {17006--17010},
 }

@incollection{Woods81,
 author =      "Woods, W.A.",
 title =       "Procedural semantics as a theory of meaning",
 booktitle =   "Elements of Discourse Understanding",
 editor =      "Joshi, A.K. and Webber, B.L. and Sag, I.",
 publisher =   "Cambridge University Press",
 address =     "Cambridge, UK",
 year =        1981,
 pages =       "300--334"
}

@Book{Ruch07,
 editor =      {Willibald Ruch},
 title =       {The Sense of Humor: Explorations of a Personality
Characteristic},
 publisher =   {Mouton de Gruyter},
 year =        2007,
 series =      {Mouton Select},
 address =     {Berlin}
}

@techreport{OZ,
 AUTHOR =      {Mark Kantrowitz},
 TITLE =       {Natural Language Text Generation in the {OZ}
                 Interactive Fiction Project},
 YEAR =        {1990},
 INSTITUTION =         {School of Computer Science, Carnegie Mellon
                 University},
 ADDRESS =     {Pittsburgh, PA},
 NUMBER =      {CMU-CS-90-158},
 TYPE =        {Technical Report}
}



@Book{		  alpaydin2014introduction,
  author	= "Alpaydin, Ethem",
  localfile	= "/home/chris/Documents/ArchivedPapers/Alpaydin2010_IntroductionToMl_2ed.pdf",
  publisher	= "MIT press",
  title		= "{Introduction to machine learning}",
  year		= "2014"
}

@Article{	  hales2015formal,
  author	= "Hales, Thomas and Adams, Mark and Bauer, Gertrud and Dang,
		  Dat Tat and Harrison, John and Hoang, Truong Le and
		  Kaliszyk, Cezary and Magron, Victor and McLaughlin, Sean
		  and Nguyen, Thang Tat and others",
  journal	= "arXiv preprint arXiv:1501.02155",
  title		= "{A formal proof of the Kepler conjecture}",
  year		= "2015"
}

@Article{	  goodfellow2014explaining,
  author	= "Goodfellow, Ian J and Shlens, Jonathon and Szegedy,
		  Christian",
  journal	= "arXiv preprint arXiv:1412.6572",
  localfile	= "/home/chris/Documents/0-9/1412.6572v3.pdf",
  title		= "{Explaining and harnessing adversarial examples}",
  year		= "2014"
}

@Book{		  nipkow2002isabelle,
  author	= "Nipkow, Tobias and Paulson, Lawrence C and Wenzel, Markus",
  localfile	= "/home/chris/Documents/isabelle-digital-book.pdf",
  publisher	= "Springer Science \& Business Media",
  title		= "{Isabelle/HOL: a proof assistant for higher-order logic}",
  volume	= "2283",
  year		= "2002"
}

@Article{	  sutcliffe2001evaluating,
  author	= "Sutcliffe, Geoff and Suttner, Christian",
  journal	= "Artificial intelligence",
  localfile	= "/home/chris/Documents/eval_atp.pdf",
  number	= "1",
  pages		= "39--54",
  publisher	= "Elsevier",
  title		= "{Evaluating general purpose automated theorem proving
		  systems}",
  volume	= "131",
  year		= "2001"
}

@Article{	  randomforests,
  author	= "Breiman, Leo",
  doi		= "10.1023/A:1010933404324",
  doi2		= "10.1023/A:1010933404324",
  issn		= "0885-6125",
  journal	= "Machine Learning",
  keywords	= "classification; regression; ensemble",
  language	= "English",
  localfile	= "/home/chris/Documents/Random_Forests.pdf",
  number	= "1",
  pages		= "5--32",
  publisher	= "Kluwer Academic Publishers",
  title		= "{Random Forests}",
  volume	= "45",
  year		= "2001"
}

@InProceedings{	  heule2016solving,
  author	= "Heule, Marijn JH and Kullmann, Oliver and Marek, Victor W",
  booktitle	= "{International Conference on Theory and Applications of
		  Satisfiability Testing}",
  localfile	= "/home/chris/Documents/1605.00723.pdf",
  organization	= "Springer",
  pages		= "228--245",
  title		= "{Solving and verifying the boolean pythagorean triples
		  problem via cube-and-conquer}",
  year		= "2016"
}

@Article{	  robinson1965machine,
  author	= "Robinson, John Alan and others",
  journal	= "Journal of the ACM",
  localfile	= "/home/chris/Documents/resolution.pdf",
  number	= "1",
  pages		= "23--41",
  title		= "{A machine-oriented logic based on the resolution
		  principle}",
  volume	= "12",
  year		= "1965"
}

@Article{	  barendregt2005challenge,
  author	= "Barendregt, Henk and Wiedijk, Freek",
  journal	= "Philosophical Transactions of the Royal Society A:
		  Mathematical, Physical and Engineering Sciences",
  localfile	= "/home/chris/Documents/RSpaper.pdf",
  number	= "1835",
  pages		= "2351--2375",
  publisher	= "The Royal Society London",
  title		= "{The challenge of computer mathematics}",
  volume	= "363",
  year		= "2005"
}

@PhDThesis{	  barras1997coq,
  author	= "Barras, Bruno and Boutin, Samuel and Cornes, Cristina and
		  Courant, Judicael and Filliatre, Jean-Christophe and
		  Gimenez, Eduardo and Herbelin, Hugo and Huet, Gerard and
		  Munoz, Cesar and Murthy, Chetan and others",
  localfile	= "/home/chris/Documents/RT-0203.pdf",
  school	= "Inria",
  title		= "{The Coq proof assistant reference manual: Version 6.1}",
  year		= "1997"
}

@Article{	  simonyan2013deep,
  author	= "Simonyan, Karen and Vedaldi, Andrea and Zisserman, Andrew",
  journal	= "arXiv preprint arXiv:1312.6034",
  localfile	= "/home/chris/Documents/1312.6034v2.pdf",
  title		= "{Deep inside convolutional networks: Visualising image
		  classification models and saliency maps}",
  year		= "2013"
}

@Article{	  degrave2016differentiable,
  author	= "Degrave, Jonas and Hermans, Michiel and Dambre, Joni and
		  others",
  journal	= "arXiv preprint arXiv:1611.01652",
  localfile	= "/home/chris/Documents/1611.01652.pdf",
  title		= "{A differentiable physics engine for deep learning in
		  robotics}",
  year		= "2016"
}

@InProceedings{	  li2018differentiable,
  author	= "Li, Tzu-Mao and Aittala, Miika and Durand, Fr{\'e}do and
		  Lehtinen, Jaakko",
  booktitle	= "{SIGGRAPH Asia 2018 Technical Papers}",
  localfile	= "/home/chris/Documents/diffrt.pdf",
  organization	= "ACM",
  pages		= "222",
  title		= "{Differentiable monte carlo ray tracing through edge
		  sampling}",
  year		= "2018"
}

@Article{	  lake2015human,
  author	= "Lake, Brenden M and Salakhutdinov, Ruslan and Tenenbaum,
		  Joshua B",
  journal	= "Science",
  localfile	= "/home/chris/Documents/s/Science-2015-Lake-1332-8.pdf",
  number	= "6266",
  pages		= "1332--1338",
  publisher	= "American Association for the Advancement of Science",
  title		= "{Human-level concept learning through probabilistic
		  program induction}",
  volume	= "350",
  year		= "2015"
}

@Article{	  wang2018demystifying,
  author	= "Wang, Fei and Wu, Xilun and Essertel, Gregory and Decker,
		  James and Rompf, Tiark",
  journal	= "arXiv preprint arXiv:1803.10228",
  localfile	= "/home/chris/Documents/0-9/1803.10228.pdf",
  title		= "{Demystifying differentiable programming: Shift/reset the
		  penultimate backpropagator}",
  year		= "2018"
}

@Article{	  funahashi1989approximate,
  author	= "Funahashi, Ken-Ichi",
  journal	= "Neural networks",
  localfile	= "/home/chris/Documents/o/On_the_approximate_realization_of_contin.pdf",
  number	= "3",
  pages		= "183--192",
  publisher	= "Elsevier",
  title		= "{On the approximate realization of continuous mappings by
		  neural networks}",
  volume	= "2",
  year		= "1989"
}

@InProceedings{	  krizhevsky2012imagenet,
  author	= "Krizhevsky, Alex and Sutskever, Ilya and Hinton, Geoffrey
		  E",
  booktitle	= "{Advances in neural information processing systems}",
  localfile	= "/home/chris/Documents/0-9/4824-imagenet-classification-with-deep-convolutional-neural-networks.pdf",
  pages		= "1097--1105",
  title		= "{Imagenet classification with deep convolutional neural
		  networks}",
  year		= "2012"
}

@Article{	  ghorbani2017interpretation,
  author	= "Ghorbani, Amirata and Abid, Abubakar and Zou, James",
  journal	= "arXiv preprint arXiv:1710.10547",
  localfile	= "/home/chris/Documents/1710.10547.pdf",
  title		= "{Interpretation of neural networks is fragile}",
  year		= "2017"
}

@Article{	  su2019one,
  author	= "Su, Jiawei and Vargas, Danilo Vasconcellos and Sakurai,
		  Kouichi",
  journal	= "IEEE Transactions on Evolutionary Computation",
  localfile	= "/home/chris/Documents/0-9/1710.08864.pdf",
  publisher	= "IEEE",
  title		= "{One pixel attack for fooling deep neural networks}",
  year		= "2019"
}

@Article{	  bojarski2016end,
  author	= "Bojarski, Mariusz and {Del Testa}, Davide and Dworakowski,
		  Daniel and Firner, Bernhard and Flepp, Beat and Goyal,
		  Prasoon and Jackel, Lawrence D and Monfort, Mathew and
		  Muller, Urs and Zhang, Jiakai and others",
  journal	= "arXiv preprint arXiv:1604.07316",
  localfile	= "/home/chris/Documents/0-9/1604.07316.pdf",
  title		= "{End to end learning for self-driving cars}",
  year		= "2016"
}

@Article{	  esteva2017dermatologist,
  author	= "Esteva, Andre and Kuprel, Brett and Novoa, Roberto A and
		  Ko, Justin and Swetter, Susan M and Blau, Helen M and
		  Thrun, Sebastian",
  journal	= "Nature",
  localfile	= "/home/chris/Documents/s/s7822-andre-esteva-dermatologiest-level-classification-of-skin-cancer.pdf",
  number	= "7639",
  pages		= "115",
  publisher	= "Nature Publishing Group",
  title		= "{Dermatologist-level classification of skin cancer with
		  deep neural networks}",
  volume	= "542",
  year		= "2017"
}

@InProceedings{	  dovsilovic2018explainable,
  author	= "Do\v{s}ilovi{\'c}, Filip Karlo and Br\v{c}i{\'c}, Mario
		  and Hlupi{\'c}, Nikica",
  booktitle	= "{2018 41st International convention on information and
		  communication technology, electronics and microelectronics
		  (MIPRO)}",
  localfile	= "/home/chris/Documents/d/dsdc_11_4754.pdf",
  organization	= "IEEE",
  pages		= "0210--0215",
  title		= "{Explainable artificial intelligence: A survey}",
  year		= "2018"
}

@Article{	  doshi2017towards,
  author	= "Doshi-Velez, Finale and Kim, Been",
  journal	= "arXiv preprint arXiv:1702.08608",
  localfile	= "/home/chris/Documents/0-9/1702.08608.pdf",
  title		= "{Towards a rigorous science of interpretable machine
		  learning}",
  year		= "2017"
}

@Article{	  molnar2018interpretable,
  author	= "Molnar, Christoph",
  journal	= "A Guide for Making Black Box Models Explainable",
  title		= "{Interpretable machine learning}",
  year		= "2018"
}

@Article{	  safavian1991survey,
  author	= "Safavian, S Rasoul and Landgrebe, David",
  journal	= "IEEE transactions on systems, man, and cybernetics",
  number	= "3",
  pages		= "660--674",
  publisher	= "IEEE",
  title		= "{A survey of decision tree classifier methodology}",
  volume	= "21",
  year		= "1991"
}
