@article{KaliszykU14,
  author    = {C. Kaliszyk and J. Urban},
  title     = {Learning-assisted Theorem Proving with Millions of Lemmas},
  journal   = {CoRR},
  volume    = {abs/1402.3578},
  year      = {2014},
  ee        = {http://arxiv.org/abs/1402.3578},
}

@inproceedings{prooftree,
 title = {Automatic Library Compilation and Proof-Tree Visualisation for Coq Proof General},
 year = {2011},
 booktitle = {3rd Coq Workshop},
 author = {H. Tews},
 url = {http://askra.de/software/prooftree/},
}


@TECHREPORT{BPP00,
  AUTHOR =       {Y. Bertot and O. Pons and L. Pottier},
  TITLE =        {{Dependency Graphs for Interactive Theorem Provers}},
  YEAR =         {2000},
  number = {4052},
  institute = {INRIA},
}

@misc{dpdgraph,
author = {A. Pacalet and Y. Bertot},
title = {The DpdGraph tool},
note = {\url{https://anne.pacalet.fr/dev/dpdgraph/}},
year = {2009--2013},
}


@Book{hottbook,
  author =    {The {Univalent Foundations Program}},
  title =     {Homotopy Type Theory: Univalent Foundations of Mathematics},
  publisher = {\url{http://homotopytypetheory.org/book}},
  address =   {Institute for Advanced Study},
  year =      2013,
  note = {\url{https://github.com/HoTT/HoTT/wiki}}}


@TECHREPORT{dependtohtml,
  AUTHOR =       {L. Pottier and O. Pons},
  TITLE =        {{dependtohtml: Creating Hypertext graphical representation of directed graphs}},
  YEAR =         {1998},
}

@phdthesis{Hall1998,
    address = {Hamilton, New Zealand},
    author = {M. A. Hall},
    school = {University of Waikato},
    title = {Correlation-based Feature Subset Selection for Machine Learning},
    year = {1998}
 }

@book{BR91,
  author    = {R. Brualdi and H. Ryser},
  title     = {Combinatorial Matrix theory},
  publisher = {Cambridge University Press},
  year      = {1991}}

  
@article{GE03,
    title = {{An Introduction to Variable and Feature Selection}},
    author = {I. Guyon and A. Elisseeff},
    year = {2003},
    journal = {J. Machine Learning Research},
    volume = {3},
    pages={1157--1182},
} 

@article{holyhammer,
    title = {{Learning-Assisted Automated Reasoning with Flyspeck}},
    author = {C. Kaliszyk and J. Urban},
    year = {2014},
    journal = {Journal of Automated Reasoning},
    volume = {53},
    number = {2},
    pages={173--213},
}  
  
  
@article{HCMS12,
    title = {{Computing Persistent Homology within Coq/SSReflect}},
    author = {J. Heras and others},
    year = {2013},
    journal = {ACM Transactions on Computational Logic},
    volume = {14},
    number={4},
}  
  
@InBook{coq-syntax,
 title = {{Coq Reference Manual Version 8.4pl3}},
 chapter = {{Syntax of terms}},
 year = {2013},
 author = {{The Coq Development Team}},
 note={\url{http://coq.inria.fr/refman/Reference-Manual003.html#sec25}},
}



@inproceedings{ACDDHPPPT14,
title="A Verified Information-Flow Architecture",
author = "A.~Amorim and N.~Collins and A.~DeHon and D.~Demange and C.~Hri≈£cu and
 D.~Pichardie and B.~Pierce and R.~Pollack and A.~Tolmach",
booktitle = "41st ACM SIGPLAN-SIGACT Symposium on Principles of Programming Languages (POPL)",
year = "2014"}


@Article{Ves06,
  author =	{R. Vestergaard},
  title =	{A constructive approach to sequential Nash equilibria},
  pages =	{46--51},
  journal =	{Information Processing Letter},
  year =	{2006},
  volume =	{97},}


@inproceedings{nash,
  author    = {S. Le Roux},
  title     = {{Acyclic Preferences and Existence of Sequential Nash Equilibria: A Formal and Constructive Equivalence}},
  booktitle = {20th International Conference on Theorem Proving in Higher Order Logics (TPHOLs'07)},
  series = {LNCS},
  year = {2009},
  volume = {5674},
  pages = {293--309},
}  


@inproceedings{GNR14,
  author    = {T. Gransden and N. Walkinshaw and R. Raman},
  title     = {{Mining State-Based Models from Proof Corpora}},
  booktitle = {Conferences on Intelligent Computer Mathematics (CICM'14)},
  series = {LNCS},
  year = {2014},
  volume = {8543},
  pages = {282--297},
}  


@inproceedings{ler07,
  author    = {S. Le Roux},
  title     = {{Acyclicity and finite linear extendability: a formal and constructive equivalence}},
  booktitle = {22nd International Conference on Theorem Proving in Higher Order Logics (TPHOLs'09)},
  series = {Emerging Trends Proceedings},
  year = {2007},
  pages = {154--169},
}  


@INPROCEEDINGS{Agda,
  author = {A. Bove and P. Dybjer and U. Norell},
  title = {{A Brief Overview of Agda --- A Functional Language with Dependent Types}},
  booktitle = {22nd International Conference on Theorem Proving in Higher Order Logics (TPHOLs'09)},
  series = {LNCS},
  year = {2009},
  volume = {5674},
  pages = {73--78},
  }

@book{NPW02,
  author    = {T. Nipkow and
               L. C. Paulson and
               M. Wenzel},
  title     = {Isabelle/HOL - A Proof Assistant for Higher-Order Logic},
  publisher = {Springer},
  series    = {LNCS},
  volume    = {2283},
  year      = {2002},}

@inproceedings{HK13,
  author    = {J. Heras and E. Komendantskaya},
  title     = {Statistical Proof Pattern Recognition: Automated or Interactive?},
  booktitle = {ARW'13},
  pages = {25--26},
  year      = {2013}
}

@misc{Ben06,
author = "N.~Benton",
title = "{M}achine {O}bstructed {P}roof: {H}ow many months can it take to verify 30 assembly instructions?",
booktitle = "Microsoft Research",
year = "2006"
}




@inproceedings{lpar-urban,
  author    = {C. Kaliszyk and J. Urban},
  title     = {{Lemma Mining over HOL Light}},
  booktitle = {LPAR-19},
  series    =  {LNCS},
  year      = {2013},
  volume = {8312},
  pages = {503--517},
}


@Article{Blum92,
  author =	{A. Blum},
  title =	{Learning boolean functions in an infinite attribute space},
  pages =	{373--386},
  journal =	{Machine Learning},
  year =	{1992},
  volume =	{9},
  number =	{4}}

@inproceedings{lpar13,
 author = {J. Heras and others},
 title = {{Proof-Pattern Recognition and Lemma Discovery in ACL2}},
 booktitle = {LPAR-19},
 year = {2013},
 series =  {LNCS},
 volume = {8312},
 pages={389--406},
} 


@inproceedings{ku12,
  author    = {D. K{\"u}hlwein and others},
  title     = {Overview and Evaluation of Premise Selection Techniques
               for Large Theory Mathematics},
  booktitle = {IJCAR'12},
  pages     = {378--392},
  series = {LNCS},
  volume    = {7364}, 
  year={2012},
}  


@book{BR91,
  author    = {R. Brualdi and H. Ryser},
  title     = {Combinatorial Matrix theory},
  publisher = {Cambridge University Press},
  year      = {1991}}


@InBook{M03,
 title = {Models, Algebras and Logic of Engineering Software},
 chapter = {{Proving Theorems about Java and the JVM with ACL2}},
 publisher = {IOS Press},
 year = {2004},
 author = {{J S. Moore}},
 editor = {M. Broy and M. Pizka},
 pages = {227--290},
}

@Article{BHJM12,
  author =	{A.~Bundy and D.~Hutter and C.~Jones and J S.~Moore},
  title =	{{AI meets Formal Software Development (Dagstuhl Seminar 12271)}},
  pages =	{1--29},
  journal =	{Dagstuhl Reports},
  ISSN =	{2192-5283},
  year =	{2012},
  volume =	{2},
  number =	{7}}



@article{compcert,
 author = {X. Leroy},
 title = {Formal verification of a realistic compiler},
 journal = {Communications of the ACM}, 
 volume = {52},
 number = {7},
 pages = {107--115},
 year={2009},
}  


@article{realsCoq,
 author = {R. Krebbers and B. Spitters},
 title = {{Type classes for efficient exact real arithmetic in Coq}},
 journal = {Logical Methods in Computer Science}, 
 volume = {9},
 number = {1},
 pages = {1--27},
 year={2013},
}  

@misc{JVM,
    title = {{The Java Virtual Machine Specification: Java SE 7 Edition}},
    author = {T. Lindholm and F. Yellin and G. Bracha and A. Buckley},
    year = {2012},
}



@article{CMS12,
title={{Formal Proof of Sasaki-Murao Algorithm}},
journal = {Journal of Formalized Reasoning},
author = {T. Coquand and A. M\"ortberg and V. Siles},
year = {2012},
volume={5},
number={1},
pages={27--36}

}

  
@inproceedings{DMS12,
  title = {{A Refinement Based Approach to Computational Algebra in Coq}},
  volume = {7406},
  booktitle = {3rd Conference on Interactive Theorem Proving (ITP'12)},
  author = {M. D\'en\`es and A. M\"ortberg  and V. Siles},
  series = {LNCS},
  year = {2012},
  pages = {83--98},
}

  
@inproceedings{CJRS13,
  author    = {K. Claessen and M. Johansson and D. Ros\'en and N. Smallbone},
  title     = {{Automating Inductive Proofs using Theory Exploration}},
  booktitle = {24th International Conference on Automated Deduction (CADE--24)},
  year      = {2013},
  series = {To be published in Lecture Notes in Computer Sciene}}


@inproceedings{CCGACL2,
  author    = {M. Kaufmann and P. Manolios and {J} S. Moore and D. Vroon},
  title     = {{Integrating CCG analysis into ACL2}},
  booktitle = {Eighth International Workshop on Termination, part of FLOC'06},
  year      = {2006},
  doi = {10.1.1.79.4636},}

@MastersThesis{Rosen12,
 author = {D. Ros\'en},
 title = {Proving Equational Haskell Properties using Automated Theorem Provers},
 school = {University of Gothenburg, Sweden},
 year = {2012},
}


@article{MizarMode,
  author    = {J. Urban},
  title     = {MizarMode -- an integrated proof assistance tool for the Mizar way of formalizing mathematics},
  journal   = {Journal of Applied Logic},
  volume    = {4},
  number    = {4},
  year      = {2006},
  pages     = {414--427},
  doi = {10.1016/j.jal.2005.10.004},}


@inproceedings{PGtips,
  author    = {A. Mercer and A. Bundy and H. Duncan and D. Aspinall},
  title     = {{PG Tips: A Recommender System for an Interactive Theorem Prover}},
  booktitle = {Mathematical User-Interfaces Workshop (MathUI'2006)},
  year      = {2006},
}


@inproceedings{RBPS10,
  author    = {S. Ray and J. Bhadra and T. Portlock and R. Syzdek},
  title     = {{Modeling and Verification of Industrial Flash Memories}},
  booktitle = {Proceedings 11th International Symposium on Quality Electronic Design (ISQED'10)},
  year      = {2010},
  pages = {705--712},
}

@inproceedings{CICM13,
  author    = {J. Heras and E. Komendantskaya},
  title     = {{ML4PG in Computer Algebra Verification}},
  booktitle = {CICM'13},
  year      = {2013},
  series = {LNCS},
  volume = {7961},
  pages = {354--358},
}

@inproceedings{TACAS13,
  author    = {J. C. Blanchette and S. B\"ohme and A. Popescu and N. Smallbone},
  title     = {{Encoding monomorphic and polymorphic types}},
  booktitle = {19th International Conference on Tools and Algorithms for the Construction and Analysis of Systems (TACAS'13)},
  year      = {2013},
  series = {LNCS},
  pages     = {493--507},
  volume = {7795},
  doi = {10.1007/978-3-642-36742-7\_34},}

@inproceedings{SATACL2,
  author    = {W. A. Hunt and E. Reeber},
  title     = {{A SAT-based procedure for verifying finite state machines in ACL2}},
  booktitle = {6th International workshop on the ACL2 theorem prover and its applications },
  year      = {2006},
  pages     = {127--135},
  doi = {10.1145/1217975.1218001}}

@TECHREPORT{Jam02,
  AUTHOR =       {M. Jamnik and M. Kerber and C. Benzmller},
  TITLE =        {Automatic learning of proof methods in proof planning},
  YEAR =         {2002},
}



@inbook{spass,
author = "C. Weidenbach",
title = "Combining superposition, sorts and splitting",
series = "Handbook of Automated Reasoning",
publisher = "Elsevier",
year = "2001",
pages = "1965--2013"}

@inproceedings{Paulson_threeyears,
    author = {L. C. Paulson and J. C. Blanchette},
    title = {Three Years of Experience with Sledgehammer, a Practical Link between Automatic and Interactive Theorem Provers},
    year = {2010},
    booktitle = {8th International Workshop on the Implementation of Logics (IWIL'10)},
    doi = {10.1.1.186.3278},
}

@MISC{APACL2,
    title = {Accumulated persistence in ACL2},
    author = {M. Kaufmann and {J S. Moore}},
    year = {2012},
    note = {\url{http://www.cs.utexas.edu/users/moore/acl2/current/ACCUMULATED-PERSISTENCE.html}}
}

@article{JDB11,
  author    = {M.~Johansson and
               L.~Dixon and
               A.~Bundy},
  title     = {Conjecture Synthesis for Inductive Theories},
  journal   = {Journal of Automated Reasoning},
  volume    = {47},
  number    = {3},
  year      = {2011},
  pages     = {251--289},
  doi = {10.1007/s10817-010-9193-y}}
  
  
@article{KHG13,
  author    = {E. Komendantskaya and others},
  title     = {{Machine Learning for Proof General: interfacing interfaces}},
  journal   = {Electronic Proceedings in Theoretical Computer Science},
  volume    = {118},
  year      = {2013},
  pages     = {15--41},}  

@article{HK14,
  author    = {J. Heras and E. Komendantskaya},
  title     = {{Recycling Proof Patterns in Coq: Case Studies}},
  journal   = {Journal Mathematics in Computer Science, accepted},
  year      = {2014}}


@misc{HK12,
author = "J.~Heras and E.~Komendantskaya",
title = {{ML4PG: downloadable programs, manual, examples}},
note = "\url{www.computing.dundee.ac.uk/staff/katya/ML4PG/}", 
year = "2012--2014"}  
  

@inproceedings{GAPCOQ,
author    = {V. Komendantsky and
               A. Konovalov and
               S. Linton},
  title     = {Interfacing Coq + SSReflect with GAP},
  booktitle = {9th International Workshop On User Interfaces for Theorem Provers (UITP'10)},
  series    = {Electronic Notes in Theoretical Computer Science},
  volume    = {285},
  year      = {2012},
    pages     = {17--28},
    doi = {10.1016/j.entcs.2012.06.003},
}


@inproceedings{cvc3,
author    = {C. Barrett and C. Tinelli},
  title     = {CVC3},
  booktitle = {19th International Conference on Computer Aided Verification (CAV'07)},
  series    = {LNCS},
  volume    = {4590},
  year      = {2007},
    pages     = {298--302},
    doi = {10.1007/978-3-540-73368-3\_34},
}

@inproceedings{z3,
author    = {L. M. de Moura and N. Bjorner},
  title     = {Z3: An efficient SMT solver},
  booktitle = {14th Workshop on Tools and Algorithms for the Construction and Analysis of Systems (TACAS'08)},
  series    = {LNCS},
  volume    = {4963},
  year      = {2008},
    pages     = {337--340},
    doi = {10.1007/978-3-540-78800-3\_24},
}

@MISC{yices,
    author = {B. Dutertre and L. de Moura},
    title = {The Yices SMT solver},
    year = {2006},
    note = {Available at \url{http://yices.csl.sri.com/tool-paper.pdf}}
}

@inproceedings{Laurent1,
 author    = {M. Armand and
               G. Faure and
               B. Gr{\'e}goire and
               C. Keller and
               L. Th{\'e}ry and
               B. Werner},
  title     = {A Modular Integration of SAT/SMT Solvers to Coq through
               Proof Witnesses},
  booktitle = {1st International Conference on Certified Programs and Proofs (CPP'11)},
  series    = {LNCS},
  volume    = {7086},
  year      = {2011},
    pages     = {135--150},
    doi={10.1007/978-3-642-25379-9\_12}
}


@inproceedings{SledgehammerSMT,
  author =    {J. C. Blanchette and S. B\"ohme and L. C. Paulson},
  title =    {{Extending Sledgehammer with SMT Solvers}},
  booktitle = {23rd International Conference on Automated Deduction (CADE-23)},
  series    = {LNCS},
    volume    = {6803},
  year      = {2011},
    pages     = {116--130},
    doi ={10.1007/978-3-642-22438-6\_11},
}


@Article{MP09,
  author =    {J. Meng and L. C. Paulson},
  title =    {Translating higher-order clauses to first-order clauses},
  journal =  {Journal of Automated Reasoning},
  year =     {2009},
  volume =   {40},
  number = {1},
  pages =    {35--60},
doi = {10.1007/s10817-007-9085-y},
}


@Article{Analytica,
  author =    {A. Bauer and E. M. Clarke and X. Zhao},
  title =    {Analytica - an experiment in combining theorem proving and symbolic computation},
  journal =  {Journal of Automated Reasoning},
  year =     {1998},
  volume =   {21},
  number = {3},
  pages =    {295--325},
  doi = {10.1023/A:1006079212546},
}

@INPROCEEDINGS{Kuehlwein2012,
  author = {D. Kuehlwein and J. Urban},
  title = {Learning from Multiple Proofs: first experiments},
  booktitle = {3rd Workshop on Practical Aspects of Automated Reasoning (PAAR'12)},
  year = {2012},
  pages = {82--94}
}
  
@INPROCEEDINGS{Matita,
  author = {A. Asperti and W. Ricciotti and C. Sacerdoti Coen and E. Tassi},
  title = {{The Matita interactive Theorem prover}},
  booktitle = {23rd International Conference on Automated Deduction (CADE'11)},
  series = {LNCS},
  year = {2011},
  volume = {6803},
  pages = {64--69},
  doi = {10.1007/978-3-642-22438-6\_7},
  }
  
@inproceedings{KuhlweinLTUH12,
  author    = {D. K{\"u}hlwein and others},
  title     = {Overview and Evaluation of Premise Selection Techniques
               for Large Theory Mathematics},
  booktitle = {IJCAR'12},
  pages     = {378--392},
  series = {LNCS},
  volume    = {7364}, 
}  
  
@INPROCEEDINGS{Agda,
  author = {A. Bove and P. Dybjer and U. Norell},
  title = {A Brief Overview of Agda --- A Functional Language with Dependent Types},
  booktitle = {22nd International Conference on Theorem Proving in Higher Order Logics (TPHOLs'09)},
  series = {LNCS},
  year = {2009},
  volume = {5674},
  pages = {73--78},
  doi = {10.1007/978-3-642-03153-3},
  }


@Manual{R,
    title = {R: A Language and Environment for Statistical Computing},
    author = {{R Development Core Team}},
    organization = {R Foundation for Statistical Computing},
    year = {2008},
    note = {\url{http://www.R-project.org}},
  }
  
@Manual{Mahout,
    title = {Apache Mahout: Scalable machine learning and data mining},
    author = {Apache Software foundation},
    note = {\url{http://mahout.apache.org/}},
  }
  
 @Manual{Octave,
    title = {Gnu Octave Manual},
    author = {J. W. Eaton},
    organization = {Network Theory Ltd},
    year = {2002}
    note = {\url{http://mahout.apache.org/}},
  }

@article{HT98,
  author    = {J. Harrison and L. Th\'ery},
  title     = {{A skeptic approach to combining HOL and Maple}},
  journal   = {Journal of Automated Reasoning},
  volume    = {21},
  year      = {1998},
  pages     = {279--294},
  doi = {10.1023/A:1006023127567},
}

@article{sledgehammer,
  author    = {J. Meng and L. C. Paulson},
  title     = {{Lightweight relevance filtering for machine-generated resolution problems}},
  journal   = {Journal of Applied Logic},
  volume    = {7},
  number = {1},
  year      = {2009},
  pages     = {41--57},
  doi = {10.1016/j.jal.2007.07.004},
}

@article{mizar,
  author    = {A. Grabowski and A. Kornilowicz and A. Naumowicz},
  title     = {{Mizar in a nutshell}},
  journal   = {Journal of Formalized Reasoning},
  volume    = {3},
  number = {2},
  year      = {2010},
  pages     = {153--245},
  doi = {10.6092/issn.1972-5787/1980},
}

@article{vampire,
  author    = {A. Riazano and A. Voronkov},
  title     = {{The design and implementation of Vampire}},
  journal   = {Artificial Intelligence Communications},
  volume    = {15},
  number = {2--3},
  year      = {2002},
  pages     = {91--110},
    ee        = {http://iospress.metapress.com/content/ajar8kjbdtdf7kc2/},
}


@inproceedings{E,
  author    = {S. Schulz},
  title     = {{System description: E 0.81}},
  booktitle = {2nd International Joint Conference on Automated Reasoning (IJCAR'04)},
  series    = {LNCS},
  volume    = {3097},
  year      = {2004},
  pages     = {223-228},
  doi = {10.1007/978-3-540-25984-8\_15},}

@book{Joliffe86,
author = {I. Joliffe},
title = {{Principal Components Analysis}},
publisher = {Springer-Verlag},
year = {1986},
doi={10.1007/978-1-4757-1904-8}}



@inproceedings{ProofGeneral,
  author    = {D. Aspinall},
  title     = {{Proof General: A Generic Tool for Proof Development}},
  booktitle = {6th International Conference on Tools and Algorithms for the Construction and Analysis of Systems (TACAS'00)},
  series    = {LNCS},
  volume    = {1785},
  year      = {2000},
  pages     = {38-43},
  doi = {10.1007/3-540-46419-0\_3}}

@TECHREPORT{Coq,
  AUTHOR =       {{\textsc{Coq} development team}},
  TITLE =        {{The \textsc{Coq} Proof Assistant Reference Manual, version 8.4pl3}},
  YEAR =         {2013},
}

@inproceedings{AspertiGCTZ04,
  author    = {A. Asperti and others},
  title     = {{A Content Based Mathematical Search Engine: Whelp}},
   booktitle = {TYPES'04},
  series    = {LNCS},
  pages = {17--32},
  volume    = {3839},
  year      = {2006},
  doi = {10.1007/11617990\_2},
}

@inproceedings{FTT,
  author    = {G. Gonthier and others},
  title     = {{A Machine-Checked Proof of the Odd Order Theorem}},
   booktitle = {ITP'13},
  series    = {LNCS},
  pages = {163--179},
  volume    = {7998},
  year      = {2013},
}



@article{SSReflect,
  AUTHOR =       {G. Gonthier and A. Mahboubi},
  TITLE =        {{An introduction to small scale reflection}},
  journal = {Journal of Formalized Reasoning},
  volume = {3},
  number = {2},
  YEAR =         {2010},
  pages = {95--152},
  doi = {10.6092/issn.1972-5787/1979},
}

@article{FCT,
  AUTHOR =       {G. Gonthier},
  TITLE =        {Formal proof - The Four-Color Theorem},
  journal =    {Notices of the American Mathematical Society},
  YEAR =         {2008},
  volume =       {55},
  number =       {11},
  pages = {1382--1393},
}

@BOOK{KMM00-1,
  title = {Computer-Aided Reasoning: An approach},
  publisher = {Kluwer Academic Publishers},
  year = {2000},
  editor = {M. Kaufmann and P. Manolios and {J} S. Moore},
}


@BOOK{KMM00,
  title = {Computer-Aided Reasoning: ACL2 Case Studies},
  publisher = {Kluwer Academic Publishers},
  year = {2000},
  editor = {M. Kaufmann and P. Manolios and {J S. Moore}},
}

@inproceedings{sel4,
 author = {G. Klein and others}
 title = {seL4: formal verification of an OS kernel},
 booktitle = {Proceedings of the ACM SIGOPS 22nd symposium on Operating systems principles (SOSP '09)},
 year = {2009},
 pages = {207--220},
 publisher = {ACM},
} 

@misc{flyspeck,
    author = {T. Hales},
    title = {The Flyspeck Project fact sheet},
    year = {2005},
    howpublished = "Project description available at \url{http://code.google.com/p/flyspeck/}"
}

@TECHREPORT{FOOT,
  AUTHOR =       {Mathematical components team },
  TITLE =        {{Formalization of the Odd Order theorem}},
  YEAR =         {2012},
  note = {\url{http://www.msr-inria.inria.fr/Projects/math-components}},
}


@TECHREPORT{Clusterers_Weka,
  AUTHOR =       {Pentaho community},
  TITLE =        {{Clusterers in Weka}},
  YEAR =         {2012},
  note = {\url{http://wiki.pentaho.com/display/DATAMINING/Clusterers}},
}




@book{Matlab,
year = {2012},
author = {MATLAB},
title = {version 7.14.0 (R2012a)},
publisher = {The MathWorks Inc.},
address = {Natick, Massachusetts}
}

@book{Matlab-STATS,
year = {2012},
author = {MATLAB Statistics Toolbox},
publisher = {The MathWorks Inc.},
address = {Natick, Massachusetts}
}


@article{XUWunsch05,
  author    = {R. Xu and D. Wunsch},
  title     = {Survey of Clustering Algorithms},
  journal   = {IEEE Transactions on Neural Networks},
  volume    = {16},
  number    = {3},
  year      = {2005},
  pages     = {645--678},
  doi = {10.1109/TNN.2005.845141},
}
  
@article{Weka,
  author    = {M. Hall and others},
  title     = {{The WEKA Data Mining Software: An Update}},
  journal   = {SIGKDD Explorations},
  volume    = {11},
  number    = {1},
  year      = {2009},
  pages     = {10--18},
  doi = {10.1145/1656274.1656278},
  }




@book{HandL,
title = "Handbook of Logic in Computer Science",
author = "S.~Abramsky and D.~Gabbay and T.S.~Mabaum",
publisher = "Oxford University Press",
year = "1995"}


@article{AbrialBHHMV10,
  author    = {Jean-Raymond Abrial and
               Michael Butler and
               Stefan Hallerstede and
               Thai Son Hoang and
               Farhad Mehta and
               Laurent Voisin},
  title     = {Rodin: an open toolset for modelling and reasoning in {Event-B}},
  journal   = {STTT},
  volume    = {12},
  number    = {6},
  year      = {2010},
  pages     = {447-466}}

@misc{Agda,
author = "{Agda Development Team}",
title = "AGDA Reference Manual",
note = "http://appserv.cs.chalmers.se/users/ulfn/wiki/agda.php"}

@article{AjiliC97,
  author    = {Farid Ajili and
               Evelyne Contejean},
  title     = {Avoiding Slack Variables in the Solving of Linear Diophantine
               Equations and Inequations},
  journal   = {Theor. Comput. Sci.},
  volume    = {173},
  number    = {1},
  year      = {1997},
  pages     = {183-208}}

@book{AM84,
author = "I. Aleksander and H. Morton",
title = "Neurons and Symbols",
publisher = "Chapman and Hall",
year = "1993"} 

@misc{KA12,
author = " E.~Komendantskaya",
title = "{ML-CAP home page}",
year = "2012",
note = {Available at \url{http://www.computing.dundee.ac.uk/staff/katya/MLCAP-man/}}}

@book{AR88,
author = "J.A.~Anderson and E.~Rosenfield",
title = "Neurocomputing: Foundations of Research",
publisher = "MIT Press, Camridge MA",
year = "1988"}


@article{Andr92,
author = "Jean-Mark Andreoli",
title = "Logic Programming with Focusing Proofs in Linear Logic",
journal = "Journal of Logic and Computation",
volume = "2",
number = "3",
pages = "297--347",
year = "1992"}

@article{AP91,
author = "J.-M.~Andreoli and R.~Pareschi",
title = "Linear Objects: Logical Processes with Built-in Inheritance",
journal = "New Generation Computing",
volume = "9",
pages = "445--473",
year = "1991"}

@article{ADT95,
author  = "R.~Andrews and J.~Diedrich and A.B.~Tickle",
title = "A Survey and Critique of Techniques for exatrcting Rules from
Trained Artificial Neural Networks",
journal = "Knowledge-Based Systems",
volume = "8",
number = "6",
pages = "373--389",
year = "1995"}

@book{AB92,
author = "M.~Anthony and N.~Biggs",
title = "Computational Learning Theory",
series = "Cambridge tracts in TCS",
year = "1992",
publisher = "Cambridge University Press"}

@article{AvEm82,
author = "K. R. Apt and M. van Emden",
title = "Contributions to the Theory of Logic Programming",
journal = "Journal of the Association for Computational Mach.",
volume = "29",
year = "1982",
pages = "841--862"}

@book{Aristotle,
author = "Aristotle",
title = "Organon",
publisher = "Loeb Classical library,  E.S.~Forster, (ed).",
year = "1960"}

@inproceedings{ArmandGST10,
  author    = {Micha{\"e}l Armand and
               Benjamin Gr{\'e}goire and
               Arnaud Spiwack and
               Laurent Th{\'e}ry},
  title     = {Extending {C}oq with Imperative Features and Its Application
               to {SAT} Verification},
  booktitle = {ITP},
   publisher = {Springer},
  series    = {LNCS},
  volume    = {6172},
  year      = {2010},
  pages     = {83-98}}
  
  @inproceedings{AspertiEtAl09,
author = {A. Asperti and W. Ricciotti and C. {Sacerdoti Coen} and E. Tassi},
title = {Hints in Unification},
booktitle = {Proc. TPHOLs 2009},
address = {Munich},
month = {August},
day = {17--20},
year = {2009},
series = {LNCS},
volume = {5674},
pages = {84--98}}
  
  @inproceedings{AJS05,
  author    = {Miguel A. Atencia Ruiz and
               Gonzalo Joya Caparr{\'o}s and
               Francisco Sandoval Hern{\'a}ndez},
  title     = {Two or three things that we (intend to) know about Hopfield
               and Tank networks},
  booktitle = {ESANN},
  year      = {2005},
  pages     = {25-36}}

@article{AugerK85,
  author    = {Ivan E. Auger and
               Mukkai S. Krishnamoorthy},
  title     = {A Parallel Algorithm for the Monadic Unification Problem},
  journal   = {BIT},
  volume    = {25},
  number    = {2},
  year      = {1985},
  pages     = {302-306}}

@article{A07,
author = "Steve Awodey",
title = "In Memoriam: {S}aunders {M}ac {L}ane (1909--2005)",
journal = "The Bulletin of Symbolic Logic",
volume = "13",
number = "1",
year = "2007",
pages = "115 -- 119"}



@incollection{BS01,
title = "Unification Theory",
author = "F.~Baader and W.~Snyder",
booktitle = "Handbook of Automated Reasoning", 
volume = "I", 
chapter = "8", 
publisher = "Elsevier Science",
editor = "A.~Robinson and A.~Voronkov",
year = "2001", 
pages = "446--531"}

@book{BN98,
author = "F. Baader and T. Nipkow",
title = "Term-Rewriting and All That",
year = "1998",
publisher = "Cambridge University Press"}

@incollection{BFS01,
author = "Matthias Baaz and Christian G. Fermuller and Gernot Sazler",
title = "Automated Deduction for Many-Valued Logics",
booktitle = "Handbook of Automated Reasoning",
volume = "2",
editor = "A.~Robinson and A.~Voronkov",
pages = "1355 -- 1402",
publisher = "Elsevier",
year = "2001"}

@inproceedings{BHW05,
author = "S. Bader and P. Hitzler and A. Witzel",
title = "Integrating first-order logic programs and connectionist systems ---
a constructive approach",
editor = "A. S. d'Avila Garcez and J. Elman and P. Hitzler",
booktitle = "Proceedings of the IJCAI-05 Workshop on Neural-Symbolic Learning and Reasoning, NeSy'05",
address = "Edinburgh, UK",
year = "2005"}

@incollection{BH05,
author = "S. Bader and P. Hitzler",
title = "Dimensions of Neural Symbolic Integration - a Structural Survey",
editor = "S.~Artemov",
booktitle = "We will show them: Essays in honour of Dov Gabbay",
volume = "1",
pages = "167--194",
publisher = "King's College, London",
year = "2005"}


@inproceedings{BHHW07,
author = "S. Bader and P. Hitzler and S.~H{\"o}lldobler and A. Witzel",
title = "A Fully Connectionist Model Generator for Covered First-Order Logic
Programs",
booktitle = "Proceedings of the 20th International Conference On Artificial
Intelligence IJCAI-07",
address = "Hyderabad, India",
year = "2007"}


@incollection{BHHW07-2,
  author    = {Sebastian Bader and
               Pascal Hitzler and
               Steffen H{\"o}lldobler and
               Andreas Witzel},
  title     = {The Core Method: Connectionist Model Generation for First-Order
               Logic Programs},
  booktitle = {Perspectives of Neural-Symbolic Integration},
  year      = {2007},
  pages     = {205-232}}


@article{BHH08,
author = "S.~Bader and P.~Hitzler and
               S/~H{\"o}lldobler",
title = "Connectionist Model Generation:
A First-Order Approach",
journal = "Neurocomputing",
volume = "71",
year = "2008",
pages = "2420-2432"}                

@phdthesis{Bald03,
author = "M. Baldoni",
title = "Normal Multimodal Logics: Automatic Deduction and Logic Programming extension",
year = "2003",
school = "Torino, Italy"}

@article{Bac90,
author = "Fahiem Bacchus",
title = "LP, a Logic for Representing and Reasoning with Statistical Knowledge",
journal = "Computational Intelligence",
volume = "6",
year = "1990",
pages = "209--231"}



@incollection{BG01,
title = "Proof-checking using Dependent Type Systems",
author = "H.~Barendregt and H.~Geuvers",
booktitle = "Handbook of Automated Reasoning", 
volume = "II", 
chapter = "18", 
publisher = "Elsevier Science",
editor = "A.~Robinson and A.~Voronkov",
year = "2001", 
pages = "1149--1240"} 

@article{Barn84,
author = "J.A.~Barnden",
title = "On Short Term Information Processing in Connectionist Theories",
journal = "Cognition and Brain Theory",
volume = "7",
pages = "25--59",
year = "1984"}


@book{BarWel90,
author = "Michael Barr and Charles Wells",
title = "Category Theory for Computing Science",
publisher = "Prentice-Hall",
year = "1990"}

@inproceedings{BarrasCGHS08,
  author    = {Bruno Barras and
               Pierre Corbineau and
               Benjamin Gr{\'e}goire and
               Hugo Herbelin and
               Jorge Luis Sacchini},
  title     = {A New Elimination Rule for the Calculus of Inductive Constructions},
  booktitle = {TYPES},
  pages     = {32-48},
    series    = {LNCS},
  volume    = {5497},
  year      = {2009}}

@book{Barwise,
title = "Handbook of Mathematical Logic",
author = "J.~Barwise",
year = "1987",
publisher = "North Holland"}


@book{BB05,
author = "D.~Basin and A.~Bundy and D.~Hutter and A.~Ireland",
title = "Rippling: Meta-level Guidance for Mathematical Reasoning", 
publisher = "Cambridge University Press", 
year = "2005",}

@article{BH10,
author = "Edwin Brady and Kevin Hammond",
title = "Correct-by-Construction Concurrency: using Dependent Types to Verify Implementations of Effectful Resource Usage Protocols",
journal = "To appear in Fundamenta Informaticae", 
year = "2010"}

@book{BC04,
author = "Y.~Bertot and P.~Cast{\'e}ran",
title = "Interactive Theorem Proving and Program Development, 
Coq'Art: the Calculus of Constructions",
publisher = "Springer-Verlag",
year = "2004"}

@inproceedings{BT08,
  author = {Y.~Bertot and L.~Th{\'ery}},
  title = {Dependent Types, Theorem Proving, and Applications for a Verifying
Compiler},
  booktitle = {1st IFIP TC 2/WG 2.3 Conference, on Verified Software: Theories, Tools, Experiments (VSTTE)},
  year = {2008},
  series = {LNCS},
  volume = {4171},
  publisher = {Springer},
  pages = {173--181}}

@incollection{Bel77,
author = "N. D. Belnap",
title = "A Useful Four-Valued Logic",
booktitle = "Modern Uses of Multiple-Valued Logic",
editor = "John Michael Dunn and G. Epstein",
pages = "8--37",
publisher = "Dordrecht, Reidel",
year = "1977"}

@book{Birk73,
author =  "G. Birkhoff",
title = "Lattice Theory",
year = "1973",
publisher = "American Mathematical Society",
volume = "XXV"}

@article{BMR01,
author = "S. Bistarelli and U. Montanari and F.Rossi",
title = "Semiring-Based Constraint Logic Programming: Syntax and Semantics",
journal = "ACM Transactions on Programming Languages and Systems",
volume = "23",
number = "1",
year = "2001",
pages = "1-29"}

@book{Bishop,
author = "C.~Bishop",
title = "Pattern Recognition and Machine Learning",
publisher = "Springer",
year = "2006"}

@book{Boole,
author = "George Boole",
title = "An investigation of the Laws of Thought on Which are Founded the
Mathematical Theories of Logic and Probabilities",
publisher = "Macmillan",
year = "1854"}


@INPROCEEDINGS{Brock96,
    author = {Bishop Brock and Matt Kaufmann and J. Strother Moore},
    title = {ACL2 Theorems about Commercial Microprocessors},
    year = {1996},
    pages = {275--293},
    publisher = {Springer-Verlag}
}

@inproceedings{BoudetCD90,
  author    = {Alexandre Boudet and
               Evelyne Contejean and
               Herv{\'e} Devie},
  title     = {A New AC Unification Algorithm with an Algorithm for Solving
               Systems of Diophantine Equations},
  booktitle = {LICS},
  year      = {1990},
  pages     = {289-299}}

@article{Bow82,
author = "K.~A.~Bowen",
title = "Programming with Full First-Order Logic",
journal = "Machine Intelligence",
volume = "10",
publisher = "Ellis Horwood, Chichester",
year = "1982",
pages = "421--440"}




@misc{BG03,
author = "Paula Bruscoli and Alessio Guglielmi",
title = "A Tutorial on Proof Theoretic Foundations of Logic Programming",
month = "September",
year = "2003",
note = "Invited tutorial at ICLP'03"}

@inproceedings{CalmLu96,
author = "Jacques Calmet and James J. Lu and Maria Rodriguez and Joachim Sch{\"u}",
title = "Signed Formula Logic Programming: Operational Semantics and Applications",
booktitle = "Proceedings of the Ninth International Symposium on Foundations
of Intelligent Systems",
series = "Lecture Notes in Artificial Intelligence",
volume = "1079",
year = "1996",
month = "June 9-13",
address = "Berlin",
publisher = "Springer",
pages = "202--211"}

@inproceedings{judgementday,
  author    = {S. B\"ohme and T. Nipkow},
  title     = {{Sledgehammer: Judgement Day}},
  booktitle = {IJCAR'10},
  pages     = {107--121},
  series    = {LNCS},
  volume    = {6173}, 
  doi = {10.1007/978-3-642-14203-1_9},
  year={2010},
}


@INPROCEEDINGS{Capretta99,
    author = {Venanzio Capretta},
    title = {Universal Algebra in Type Theory},
    booktitle = {Theorem Proving in Higher Order Logics, 12th International Conference, TPHOLs '99, volume 1690 of LNCS},
    year = {1999},
    pages = {131--148},
    publisher = {Springer-Verlag}
}

@inproceedings{C04,
author = "Luca Cardelli",
title = "Brane Calculi",
booktitle = "International Conference Computational Methods in Systems Biology
CMSB'04, Paris, France, 2004",
editor = "V.~Danos and V.~Schachter",
series = "LNCS",
publisher = "Springer",
volume = "3082",
year = "2005",
pages = "257--278"}

@inproceedings{CMMR92,
author = "K.~Chakraborty and  K.~Mehrotta and  C.K.~Mohan and S.~Ranka",   
title = "An optimization network for solving a set of simultaneous linear equations",
booktitle = "IJCNN, Int. Joint Conf. on Neural Networks", 
year = "1992",
pages = "516 -- 521",
publisher = "{IEEE}"}

@inproceedings{ChaputDPP09,
  author    = {P.~Chaput and
               V.~Danos and
               P.~Panangaden and
               G.~D.~Plotkin},
  title     = {Approximating Labelled Markov Processes Again!},
  booktitle = {CALCO},
  year      = {2009},
  pages     = {145-156},
  publisher = {Springer},
  series    = {LNCS},
  volume    = {5728},
  year      = {2009}}
 

@misc{Ch10,
author = "A.~Chlipala",
title = "Certified Programming with Dependent Types",
year = "2010",
note = "Book Draft"}


@book{Church,
author = "Alonzo Church",
title = "Introduction to Mathematical Logic",
year = "1944",
publisher = "Princeton"}

@article{CU92,
author = "A.~Cichoclu and R.~Unbehauen",
title = "Neural Networks for Solving Systems of
Linear Equations and Related Problems",
journal = "IEEE trans. on circuits and systems - I: fundamental theory and applications", 
volume = "39", 
number = "2", 
year = "1992",
publisher  = "IEEE"}

@incollection{Cl78,
author = "K.L.~Clark",
title = "Negation as Failure",
booktitle = "Logic and Data Bases",
editor = "H.~Gallaire and J.~Minker",
publisher = "Plenum Press, N.Y.",
year = "1978",
pages = "293--322"}

@techreport{Cl79,
author = "K.L.~Clark",
title = "Predicate logic as a Computational Formalism",
number = "DOC 79/59",
institution = "Department of Computing, Imperial College",
year = "1979"}

@book{CM81,
author = "W. F. Clocksin and C. S. Mellish",
title = "Programming in Prolog",
year = "1981",
publisher = "Springer-Verlag",
address = "Berlin, West Germany"}

@techreport{CKRP80,
author = "A.~Colmerauer and H.~Kanoui and P.~Roussel and R.~Pasero",
title = "Un Systeme de Communications Homme-Machine en Francais",
institution = "Groupe de Recherche en Intelligence Artificielle,
Universit\'{e} d'Aix-Mareselle",
year = "1973"}


@book{Col02,
author = "S.~Colton",
title = "Automated Theory Formation in Pure Mathematics",
publisher = "Springer", 
year = "2002"}

@article{const85,
author = "B.~Constable",
title = "Proofs as Programs",
journal = "Trans. on Programming Languages and Systems", 
number = "7",
volume = "1", 
year = "1985", 
pages  = "113 ÔøΩ- 136"}

@book{NUPRL,
author  = "R.L.~Constable and Stuart.~F.~Allen and H.~M.~Bromley and W.~R.~Cleaveland and J.~F.~Cremer and R.~W.~Harper and D.~J.~Howe and T.~ B.~Knoblock, 
N.~P.~Mendler and P.~Panangaden and J.~T.~Sasaki and S.~F.~Smith",
title = "Implementing Mathematics with the Nuprl Development System", 
publisher = "Prentice-Hall:NJ", 
year = "1986"}


@article{BickCons08,
title = "Formal Foundations of Computer Security",
author = "R.L.~Constable and M. Bickford", 
journal = "NATO Science for Peace and Security Series, D: Information and Communication Security", 
volume = "14", 
pages  = "29 -- 52", 
year = "2008"}


@inproceedings{Coq94,
author = "T.~Coquand",
title = "Infinite Objects in Type Theory",
booktitle = "Types for Proofs and Programs, Int. Workshop TYPES'93",
series = "LNCS",
volume = "806",
pages = "62--78",
publisher = "Springer-Verlag",
year = "1994"}

@inproceedings{CoPa89,
  author = {T. Coquand and C. Paulin-Mohring},
  booktitle = {Colog'88},
  series = {LNCS},
  volume = 417,
  title = {Inductively defined types},
  year = {1990},
  pages = {50--66}
}

@article{CoquandH88,
  author    = {T. Coquand and
               G. Huet},
  title     = {The Calculus of Constructions},
  journal   = {Information and Computation},
  volume    = {76},
  number    = {2/3},
  year      = {1988},
  pages     = {95-120},
  doi = {10.1016/0890-5401(88)90005-3},
  }

@book{CF58,
author = "H.B.~Curry and R.~Feys",
title = "Combinatory Logic",
volume = "1",
publisher = "North-Holland",
year = "1958"}

@inproceedings{Damasio04,
author = "Carlos Viegas Dam\'{a}sio and Lu{'i}s Moniz Pereira",
booktitle = "Proceedings of the 10th International Conference on Information Processing
and Management of Uncertainty in Knowledge-Based Systems (IPMU-04)",
pages = "807-814",
title = "Sorted Monotonic Logic Programs and their Embeddings",
year = "2004"}

@inproceedings{Daw06,
author = "John W. Dawson",
title = "G{\"o}del and the origins of computer science",
booktitle = "Logical Approaches to Computational Barriers, CiE'06",
editor = "A.~Beckmann and U.~Berger and B.~L{\"o}we and J.V.~Tucker",
series = "LNCS",
volume = "3988",
pages = "133--137",
year = "2006"}

@article{DP60,
author = "Martin Davis and Hillary Putnam",
title = "A Computing Procedure for Quantification Theory",
journal = "ACM",
volume = "7",
year = "1960",
pages = "201--215"}

@article{DebEnjLes92,
author = "F. Debart and P. Enjabert and M. Lescot",
title = "Multimodal Logic Programming Using Equational and Order-Sorted Logic",
year = "1992",
journal = "Theoretical computer science",
volume = "105",
number = "1",
pages = "141--166"}

@techreport{DFGS99,
author  = "J.~Denzinger and M.~Fuchs and C.~Goller and S.~Schulz",
title = "Learning from Previous Proof Experience: A Survey",
booktitle = "AR-Report AR99-4, Fakult√§f√ºormatik",
institution = "Technische Universitat Munchen",
year = "1999"}

@article{DenzingerS00,
  author    = {J. Denzinger and
               S. Schulz},
  title     = {Automatic Acquisition of Search Control Knowledge from Multiple
               Proof Attempts},
  journal   = {Information and Computation},
  volume    = {162},
  number    = {1-2},
  year      = {2000},
  pages     = {59-79},
  doi        = {10.1006/inco.1999.2857},
  bibsource = {DBLP, http://dblp.uni-trier.de}
}

@inproceedings{Ding95,
author = "Liya Ding",
title = "Neural Prolog - The Concepts, Construction and Mechanism",
booktitle = "Proceedings of the 3rd Int. Conference Fuzzy Logic, Neural Nets,
and Soft Computing",
pages = "181--192",
year = "1995"}

@inproceedings{WangD08,
  author    = {Jue Wang and
               Pedro Domingos},
  title     = {Hybrid Markov Logic Networks},
  booktitle = {AAAI},
  year      = {2008},
  pages     = {1106-1111}}


@inproceedings{Dom08,
  author    = {Pedro Domingos},
  title     = {Markov logic: a unifying language for knowledge and information
               management},
  booktitle = {CIKM},
  year      = {2008},
  pages     = {519}}


@incollection{Dowek01,
  author    = {Gilles Dowek},
  title     = {Higher-Order Unification and Matching},
  publisher = "Elsevier Science",
  booktitle = {Handbook of Automated Reasoning},
  year      = {2001},
  pages     = {1009-1062}}

@inproceedings{DixonF03,
  author    = {L. Dixon and
               J. D. Fleuriot},
  title     = {{IsaPlanner: A Prototype Proof Planner in Isabelle}},
  booktitle = {19th International Conference on Automated Deduction (CADE'2003)},
  year      = {2003},
  pages     = {279--283},
  series    = {LNCS},
  volume    = {2741},
  doi = {10.1007/978-3-540-45085-6\_22}}


@article{DKM84,
author = "C. Dwork and P.C. Kanellakis and J.C. Mitchell",
title = "On the sequential nature of unification",
journal = "Journal of Logic Programming",
volume = "1",
pages = "35-50",
year = "1984"}

@inproceedings{DubbaCH10,
  author    = {Krishna S. R. Dubba and
               Anthony G. Cohn and
               David C. Hogg},
  title     = {Event Model Learning from Complex Videos using ILP},
  year      = {2010},
  pages     = {93-98},
    booktitle = {ECAI 2010},
  publisher = {IOS Press},
  series    = {Frontiers in Artificial Intelligence and Applications},
  volume    = {215},
  year      = {2010}}
 

@phdthesis{Duncan02,
author = "H. Duncan",
title = "The use of Data-Mining for the Automatic Formation of Tactics",
school = "University of Edinburgh", 
year = "2002"}

@article{Dunn76,
author = "J.~M.~Dunn",
title = "Intuitive Semantics for First-Degree Entailments and Coupled Trees",
journal = "Philosophical studies",
volume = "29",
pages = "149--168",
year = "1976"}

@book{EFT84,
author = "H.D.~Ebbinghaus and J. Flum and W. Thomas",
title = "Mathematical Logic",
publisher = "Springer-Verlag, Berlin",
year = "1984"}

@book{Edelman87,
author = "G.M.~Edelman",
title = "Neural Darwinism, the Theory of Neuronal Group Selection",
publisher = "Basic Books",
year = "1987"}

@book{End72,
author = "H. B. Enderton",
title = "A Mathematical Introduction to Logic",
publisher = "Academic Press",
year = "1972"}

@article{FHM88,
author = "Ronald Fagin and Joseph Y. Halpern and Nimrod Megiddo",
title = "A Logic for Reasoning about Probabilities",
journal = "Information and Computation",
volume = "87",
number = "1,2",
year = "1990",
pages = "78--128"}

@article{FB82,
author = "J.A.~Feldman and D.H.~Ballard",
title = "Connectionist Models and their Properties",
journal = "Cognitive Science",
year = "1982",
volume = "6",
number = "3",
pages = "205 -- 254"}

@inproceedings{FeltyM88,
  author    = {Amy P. Felty and
               Dale Miller},
  title     = {Specifying Theorem Provers in a Higher-Order Logic Programming
               Language},
  booktitle = {CADE},
  year      = {1988},
  pages     = {61-80}}


@inproceedings{FFL94,
author = "Stacy E. Finkelstein and Peter Freyd and James Lipton",
title = "Logic Programming in Tau Categories",
booktitle = "Computer Science Logic'94",
editor = "Leszek Pacholski and Jerzy Tiuryn",
series = "LNCS",
volume = "933",
publisher = "Springer",
year = "1995"}

@techreport{Fischer02,
author = "I.~Fischer and F.~Henneche and C.~Bannes and A.~Zell",
title = "Java Neural Network Simulator. User Manual.",
year = "2002",
institution = "University of T{\"u}bingen, Wilhelm-Schickard Institute for
Computer Science, Department of Computer Architecture",
note = "www.-ra.informatik.uni-tuebingen.de/software/JavaNNS"}

@article{Fit85,
author = "Melvin Fitting",
title = "A {K}ripke/{K}leene Semantics for Logic Programs",
journal = "Journal of logic programming",
volume = "2",
year = "1985",
pages = "295--312"}

@inproceedings{Fit90,
author = "Melvin Fitting",
title = "Bilattices in Logic Programming",
booktitle = "The twentieth International Symposium on Multiple-Valued Logic",
year = "1990",
editor = "G. Epstein",
publisher = "IEEE",
pages = "238--246"}

@article{Fit91,
author = "Melvin Fitting",
title = "Bilattices and the Semantics of Logic Programming",
journal = "Journal of logic programming",
volume = "11",
year = "1991",
pages = "91--116"}

@article{Fit291,
author = "Melvin Fitting",
title = "Kleene's Logic, Generalized",
journal = "Journal of Logic and Computation",
volume = "1",
year = "1992",
pages = "797--810"}

@article{Fit942,
author = "Melvin Fitting",
title = "Kleene's three-valued logics and their children",
journal = "Fundamenta informaticae",
volume = "20",
year = "1994",
pages = "113--131"}

@article{Fit92,
author = "Melvin Fitting",
title = "Many-Valued Modal Logics",
journal = "Fundamenta informaticae",
volume = "15",
pages = "235--234",
year = "1992"}

@article{Fit95,
author = "Melvin Fitting",
title = "Tableaus for many-valued modal logic",
journal = "Studia Logica",
volume = "55",
pages = "63--87",
year = "1995"}

@article{Fit0001,
author = "Melvin Fitting",
title = "Bilattices are nice things",
journal = "Self-Reference",
publisher = "Center for the Study of Language and Information",
editor = "T.~Bolander and V.~Hendricks and S.A.~Pedersen",
year = "2006",
pages = "53--77"}


@article{Fit94,
author = "Melvin Fitting",
title = "Metric Methods: Three Examples and a Theorem",
journal = "The Journal of Logic Programming",
volume = "21",
year = "1994",
pages = "113-127"}

@article{Fit02,
author = "Melvin Fitting",
title = "Fixpoint Semantics for Logic Programming --- a Survey",
journal = "Theoretical computer science",
volume = "278",
number = "1-2",
pages = "25--51",
year = "2002"}

@article{FP00,
author = "J.~D.~Fleuriot and L.~C.~Paulson", 
title = "Mechanizing Nonstandard Real Analysis", 
journal = "Computation and Mathematics",
volume = "3",
year = "2000", 
pages = "140-190"}

@article{Fold09,
author = "P.~F{\"o}ldi{\`a}k",
title = "Neural Coding: Non-local but Explicit and Conceptual",
journal = "Current Biology",
volume = "19",
number = "19",
year = "2009"}

@book{Frege1879,
author = "F.~L.~Gottlob Frege",
title = "Begriffsschrift, eine der arithmetischen nachgebildete Formelsprac
he des reinen Denkens (Concept Notation, the Formal Language of the Pure
Thought like that of Arithmetic)",
publisher = "Halle a. S.",
year = "1879"}

@book{Frege75,
author = "F.~L.~Gottlob Frege",
title = "Logical Investigations. (Collected works 1918--1923)",
publisher = "Blackwells",
year = "1975 (collected works 1918--1923)",
note = "P.~Geach, editor"}

@article{Fri94,
author = "B.~Fritzke",
title  = "Fast learning with incremental RBF networks",
journal = "Neural Processing Letters", 
volume = "1",
pages = "1--5", 
year = "1994"}

@article{Fun89,
author = "K.-I. Funahashi",
title = "On the Approximate Realisation of Continuous Mappings by Neural
Networks",
journal = "Neural Networks",
volume = "2",
pages = "183--192",
year = "1989"}

@misc{Fyfe00,
author = "Colin Fyfe",
title = "Artificial Neural Networks and Information Theory. {L}ecture
{C}ourse",
year = "2000",
note = "Department of Computing and Information Systems, The University of
Paisley, UK"}

@incollection{Gabbay85,
author = "D. M. Gabbay",
title = "Modal and Temporal Logic Programming",
year = "1987",
editor = "A. Galton",
booktitle = "Temporal logics and their applications",
pages = "197--237",
publisher = "Academic press"}

@article{GBG01,
author = "Arthur d'Avila Garcez and K. B. Broda and D. M. Gabbay",
title = "Symbolic knowledge extraction from Trained Neural Networks: A Sound
Approach",
journal = "Artificial Intelligence",
volume = "125",
pages = "155--207",
year = "2001"}

@book{GBG02,
author = "Arthur d'Avila Garcez and K. B. Broda and D. M. Gabbay",
title = "Neural-Symbolic Learning Systems: Foundations and Applications",
publisher = "Springer-Verlag",
year = "2002"}

@book{GLG08,
author = "Arthur d'Avila Garcez and L. C. Lamb and D. M. Gabbay",
title = "Neural-Symbolic Cognitive Reasoning",
series  = "Cognitive Technologies", 
publisher = "Springer-Verlag",
year = "2008"}

@incollection{GG04,
author = "Arthur d'Avila Garcez and D. M. Gabbay",
title = "Fibring Neural Networks",
booktitle = "Proceedings of the 19th National Conference on Artificial
Intelligence",
address = "San Jose, California, USA",
pages = "342--347",
publisher = "AAAI Press/MIT Press",
year = "2004"}


@incollection{GLG02,
author = "Arthur d'Avila Garcez and L.C. Lamb and D. M. Gabbay",
title = "A Connectionist Inductive Learning System for Modal Logic
Programming",
booktitle = "Proc. of the IEEE International Conference on Neural Information
Processing ICONIP'02, Singapore",
publisher = "",
year = "2002"}

@incollection{GZC97,
author = "Arthur d'Avila Garcez and Gerson Zaverucha and Luis A.V. de
Carvalho",
title = "Logical inference and inductive learning in artificial neural
networks",
booktitle = "Knowledge Representation in Neural Networks",
editor = "C.~Hermann and F.~Reine and A.~Strohmaier",
pages = "33--46",
publisher = "Logos Verlag, Berlin",
year = "1997"}

@article{GZ99,
author = "Arthur d'Avila Garcez and Gerson Zaverucha",
title = "The connectionist inductive learning and logic programming system",
journal = "Applied intelligence, Special Issue on Neural networks and
Structured Knowledge",
volume = "11",
number = "1",
pages = "59--77",
year = "1999"}

@article{GLG07,
author = "Artur d'Avila Garcez and L.C.~Lamb and D.M.~Gabbay",
title = "Connectionist Modal Logic: Representing Modalities in Neural Networks",
journal = "Theoretical Computer Science", 
number = "371",
volume = "1-2",
pages = "34-53", 
year = "2007"}

@inproceedings{Garcia,
author = "O. N. Garcia and M. Moussavi",
title = "A Six-valued Logic for Representing Incomplete Knowledge",
booktitle = "Proceedings of Twentieth International symposium on Multiple-valued logic",
year = "1990",
editor = "G. Epstein",
publisher = "IEEE Computer Society Press",
pages = "110--114"}

@inproceedings{GarillotEtAl09,
author = {F. Garillot and others},
title = {Packaging mathematical structures},
booktitle = {TPHOLs'09},
series = {LNCS},
volume = {5674},
year = {2009}}

@article{Gartner03,
  author    = {Thomas G{\"a}rtner},
  title     = {A survey of kernels for structured data},
  journal   = {SIGKDD Explorations},
  volume    = {5},
  number    = {1},
  year      = {2003},
  pages     = {49-58}}

@article{GLF04,
author = "Thomas Gartner and John Lloyd and Peter Flach",
title = "Kernels and Distances for Structured Data",
journal = "Machine Learning", 
number = "57",
volume = "3",
pages = "205-232", 
year = "2004"}

@incollection{Gasq93,
author = "O. Gasquet",
title = "Optimization of Deduction for Multi-Modal Logics",
year = "1993",
editor = "Masuch and Marx and Pl{\`o}s",
booktitle = "Applied logic: {H}ow, {W}hat and {W}hy?",
publisher = "Kluwer Academic Publishers"}

@article{Gel93,
author = "E.~Gelenbe",
title = "Learning in the Recurrent Random Neural Network",
journal = "Neural Computation",
volume = "5",
publisher = "MIT",
year = "1993"}

@inproceedings{GeLi88,
author = "M. Gelfond and V. Lifschitz",
title = "The Stable Model Semantics for Logic Programming",
booktitle = "Proceedings of the Fifth Logic Programming Symposium",
address = "Cambridge, MA",
year = "1988",
editor = "R. Kowalski and K.Bowen",
publisher = "MIT Press",
pages = "1070--1080"}

@article{Gent34,
author = "Gerhard Gentzen",
title = "Untersuchungen {\"u}ber das logische Schliessen",
journal = "Math. {Z}eit.",
volume = "39",
year = "1934",
pages = "176--210"}

@book{GT07,
author = "L.~Getoor and B.~Taskar",
title = "Introduction to Statistical Relational Learning",
year = "2007",
publisher = "MIT Press"}


@article{Gil60,
author = "P.~C.~Gilmore",
title = "A Proof Method for Quantification Theory",
journal = "IBM J. Res. Development",
volume = "4",
year = "1960",
pages = "28--35"}


@inproceedings{Gimenez98,
  author    = {Eduardo Gim{\'e}nez},
  title     = {Structural Recursive Definitions in Type Theory},
  booktitle = {ICALP},
  year      = {1998},
  pages     = {397-408},
  publisher = {Springer},
  series    = {LNCS},
  volume    = {1443},
  year      = {1998}}

@article{Gin88,
author = "Mathew L. Ginsberg",
title = "Multivalued Logics: a Uniform Approach to Reasoning in Artificial Intelligence",
journal = "Computational Intelligence",
volume = "4",
pages = "265--316",
year = "1988"}

@book{Godel,
author = "Kurt G{\"o}del",
title = "Collected Works: Volume 1-4",
year = "1986--2003",
publisher = "Oxford University Press",
note = "J.W.~Dawson, S.~Feferman, S.C.~Kleene, editors"}

@incollection{Godel31,
author = "Kurt G{\"o}del",
title = "On Formally Undecidable Propositions of \emph{Principia Mathematica}
and Related Systems (1931)",
booktitle = "Collected Works: Volume 1.",
year = "1986",
publisher = "Oxford University Press",
editor = "J.~W.~Dawson and S.~Feferman and S.~C.~Kleene"}

@article{Godd02,
author = "N.~Goddard and D.~Beeman and R.~Cannon and H.~Cornelis and
M.-O.~Gewaltig and G.~Hood and F.~Howell and P.~Rogister and E. de Shutter
and K.Shankar and M.~Hucka",
title = "NeuroML for Plug and Play Neuronal Modelling",
journal = "Neurocomputing",
volume = "44",
pages = "1077--1081",
year = "2002"}


@article{Gon08,
author = "G.~Gonthier",
title = "The Four Colour Theorem: Engineering of a Formal Proof",
journal = "LNCS", 
year = "2008", 
volume  = "5081"}

@inproceedings{GonthierMRTT07,
  author    = {Georges Gonthier and
               Assia Mahboubi and
               Laurence Rideau and
               Enrico Tassi and
               Laurent Th{\'e}ry},
  title     = {A Modular Formalisation of Finite Group Theory},
  booktitle = {TPHOLs},
  year      = {2007},
  pages     = {86-101}}

@book{GMW79,
author = "M.~Gordon and R.~Milner and C.~Wadsworth", 
year = "1979",
title = "Edinburgh LCF: a mechanized logic of computation", 
series = "LNCS 78", 
publisher = "Springer-Verlag, New York"}

@book{Gr78,
author = "George Gr{\"a}tzer",
title = "General Lattice Theory",
publisher = "Birkauser Verlag, Basel, Switzerland",
year = "1978"}

@inproceedings{Green69,
author = "C.~Green",
title = "Applications of Theorem Proving to Problem Solving",
booktitle = "IJCAI'69",
address = "Washington D.C.",
year = "1969",
pages = "219--239"}


@techreport{GHR91,
author = "R. Greenlaw and H. J. Hoover and W.L. Ruzzo",
title = "A Compendium of Problems Complete for {P}",
number = "TR 91-05-01",
institution = "Department of Computer Science and Engineering, University of
Washington",
year = "1991"}

@article{Gro69,
author = "S. Grossberg",
title = "Embedding fields: A theory of learning with physiological
implications",
journal = "J. Math. Psych.",
volume = "6",
pages = "209--239",
year = "1969"}

@article{Gruau94,
  author    = {Fr{\'e}d{\'e}ric Gruau},
  title     = {Automatic Definition of Modular Neural Networks},
  journal = {Adaptive Behaviour},
  year      = {1994},
  volume = "3",
  pages     = {151-183}}

@article{GuhePSMSGKK11,
  author    = {Markus Guhe and
               Alison Pease and
               Alan Smaill and
               Maricarmen Martinez and
               Martin Schmidt and
               Helmar Gust and
               Kai-Uwe K{\"u}hnberger and
               Ulf Krumnack},
  title     = {A computational account of conceptual blending in basic
               mathematics},
  journal   = {Cognitive Systems Research},
  volume    = {12},
  number    = {3-4},
  year      = {2011},
  pages     = {249-265}}

@incollection{GH92,
author = "Hans Werner G{\"u}sgen and Steffen H{\"o}lldobler",
title = "Connectionist Inference Systems",
booktitle = "Parallelization in Inference Systems",
publisher = "Springer, LNAI {\it 590}",
year = "1992",
pages = "82--100",
editor = "B. Fronh{\"o}fer and G. Wrightson"}

@incollection{GustKG07,
  author    = {Helmar Gust and
               Kai-Uwe K{\"u}hnberger and
               Peter Geibel},
  title     = {Learning Models of Predicate Logical Theories with Neural
               Networks Based on Topos Theory},
  booktitle = {Perspectives of Neural-Symbolic Integration},
  publisher = "Springer",
  year      = {2007},
  pages     = {233-264}}

@inproceedings{Hahnle90,
author = "Reiner H{\"a}hnle",
title = "Towards an Efficient Tableaux Proof Procedure for Multiple-valued logics",
booktitle = "Workshop in Computer Science and Logic, Heildelberg",
series = "lecture Notes in Computer Science",
volume = "533",
year = "1990",
pages = "248-260"}

@article{Hahnle000,
author = "Reiner H{\"a}hnle",
title = "Efficient Deduction in Many-valued logics"}

@article{Hahnle97,
author = "Reiner H{\"a}hnle and Ganzalo Escalado-Imaz",
title = "Deduction in Many-Valued Logics: a Survey",
journal = "Mathware and soft computing",
volume = "IV",
number = "2",
pages = "69-97",
year = "1997"}

@article{Hahnle98,
author = "Reiner H{\"a}hnle",
title = "Commodious Axiomatizations of Quantifiers in Multiple-Valued Logic",
journal = "Studia Logica",
volume = "61",
number = "1",
pages = "101--121",
year = "1998"}

@book{Hahnle94,
author = "Reiner H{\"a}hnle",
title = "Automated Deduction in Multiple-Valued Logics",
series = "International Series of Monographs in Computer Science",
volume = "10",
publisher = "Oxford University Press",
year = "1994"}

@article{Hai83,
author = "Theodore Hailperin",
title = "Probability Logic",
journal = "Notre Damme Journal of Formal Logic",
volume = "25",
number = "3",
month = "July",
year = "1984"}

@book{Hal03,
author = "Joseph Halpern",
title = "Reasoning about uncertainty",
publisher = "MIT Press",
year = "2003"}

@article{StrickertHB05,
  author    = {Marc Strickert and
               Barbara Hammer and
               Sebastian Blohm},
  title     = {Unsupervised recursive sequence processing},
  journal   = {Neurocomputing},
  volume    = {63},
  year      = {2005},
  pages     = {69-97}}

@book{HH07,
author = "B. Hammer and P. Hitzler",
title = "Perspectives of Neural-Symbolic Integration",
series  = "Studies in Computational Intelligence",
publisher = "Springer Verlag",
year = "2007"}



@article{HHT82,
author = "A.~Hansson and S.~Haridi and S.-A. T{\"a}rnlund",
title = "Properties of a Logic Programming Language",
journal = "Logic Programming",
editors = "K.L.~Clark and S.A.~Tarnlund",
publisher = "Academic Press, New York",
year = "1982",
pages = "267--280"}

@inproceedings{HarrisonT93,
  author    = {John Harrison and
               Laurent Th{\'e}ry},
  title     = {Reasoning About the Reals: The Marriage of {HOL} and {M}aple},
  booktitle = {LPAR},
  year      = {1993},
  pages     = {351-353}}


@inproceedings{Hay73,
author = "P.J.~Hayes",
title = "Computation and Deduction",
booktitle = "Proceedings MFCS Conf.",
address = "Czechoslovak Academy of Sciences",
year = "1973",
pages = "105--118"}

@book{Hay94,
author = "Simon Haykin",
title = "Neural Networks. A Comprehensive Foundation",
publisher = "Macmillan College Publishing Company",
cite = "New York",
year = "1994"}


@book{Hay09,
author = "Simon Haykin",
title = "Neural Networks and Learning Machines",
publisher = "Pearson {E}ducation",
cite = "New Jersey",
year = "2009"}

@book{Hebb,
author = "D.~Hebb",
title = "The Organisation of Behaviour",
publisher = "Wiley, New York",
year = "1949"}

@book{H-N90,
author = "Robert Hecht-Nielsen",
title = "Neurocomputing",
publisher = "Addison-Wesley",
year = "1990"}

@inproceedings{H-N87,
author = "Robert Hecht-Nielsen",
title = "Counterpropagation networks",
booktitle = "Proc. of the Int. Conf. on Neural Networks",
volume = "II",
pages = "19--32",
publisher = "IEEE Press, New York",
year = "1987"}

@incollection{Her30,
author = "J. Herbrand",
title = "Investigations in Proof Theory",
booktitle = "From Frege to G{\"o}del: A source book in Mathematical Logic, 1879-1931",
year = "1967",
editor = "J. van Heijenoort",
publisher = "Harvard University Press",
address = "Cambridge, Mass.",
pages = "525--581"}


@incollection{Hilbert1,
author = "David Hilbert",
title = "Axiomatic Thought (1918).",
editor = "William B. Ewald",
booktitle = "From Kant to Hilbert: A Source Book in the Foundations of
Mathematics, 2 vols.",
publisher = "Oxford Univ. Press",
year = "1996"}

@incollection{Hilbert2,
author = "David Hilbert",
title = "The New Grounding of Mathematics: First
Report (1922).",
editor = "William B. Ewald",
booktitle = "From Kant to Hilbert: A Source Book in the Foundations of
Mathematics, 2 vols.",
publisher = "Oxford Univ. Press",
year = "1996"}

@incollection{Hilbert3,
author = "David Hilbert",
title = "The Logical Foundations of Mathematics (1923).",
editor = "William B. Ewald",
booktitle = "From Kant to Hilbert: A Source Book in the Foundations of
Mathematics, 2 vols.",
publisher = "Oxford Univ. Press",
year = "1996"}

@incollection{Hilbert4,
author = "David Hilbert",
title = " Logic and
Knowledge of Nature (1930).",
editor = "William B. Ewald",
booktitle = "From Kant to Hilbert: A Source Book in the Foundations of
Mathematics, 2 vols.",
publisher = "Oxford Univ. Press",
year = "1996"}

@incollection{Hilbert5,
author = "David Hilbert",
title = " The Grounding of Elementary Number Theory
(1931).",
editor = "William B. Ewald",
booktitle = "From Kant to Hilbert: A Source Book in the Foundations of
Mathematics, 2 vols.",
publisher = "Oxford Univ. Press",
year = "1996"}

@incollection{Hilbert6,
author = "David Hilbert",
title = " On the Foundations of Logics and Arithmetic (1904).",
editor = "William B. Ewald",
booktitle = "From Kant to Hilbert: A Source Book in the Foundations of
Mathematics, 2 vols.",
publisher = "Oxford Univ. Press",
year = "1996"}

@incollection{Hilbert7,
author = "David Hilbert",
title = "The Foundations
of Mathematics (1927).",
editor = "William B. Ewald",
booktitle = "From Kant to Hilbert: A Source Book in the Foundations of
Mathematics, 2 vols.",
publisher = "Oxford Univ. Press",
year = "1996"}



@article{HHS04,
author = "Pascal Hitzler and S. H{\"o}lldobler and Anthony Karel Seda",
title = "Logic Programs and Connectionist Networks",
journal = "Journal of Applied Logic",
edition = "Special edition on Neural-Symbolic Systems",
volume = "2(3)",
year = "2004",
pages = "245--272"}

@article{HSC99,
author = "Pascal Hitzler and Anthony Karel Seda",
title = "Characterizations of Classes of Programs by Three-Valued Operators",
publisher = "Springer",
journal = "LNAI",
volume = "1730",
year = "1999",
pages = "357--371"}


@book{HM04,
author = "T.~Hoare and R.~Milner",
title = "Grand Challenges in Computing -- Research",
year = "2004",
publisher = "BCS"}

@inproceedings{HK94,
author =  "Stephen H{\"o}lldobler and Yvonne Kalinke",
title = "Towards a Massively Parallel Computational Model for Logic Programming",
booktitle = "Proceedings of the ECAI94 Workshop on Combining Symbolic and Connectionist Processing",
pages = "68--77",
year = "1994",
organization = "ECCAI"}

@inproceedings{Hold90,
author = "Stephen H{\"o}lldobler",
title = "A Structured Connectionist Unification Algorithm",
booktitle = "Proceedings of the AAAI National Conference on Artificial
Intelligence",
pages = "587--593",
year = "1990"}

@article{Hold91,
author = "Stephen H{\"o}lldobler",
title = "Towards a Connectionist Inference System",
editor = "N.~Cercone and F.~Gardin and G.~Valle",
journal = "Computational Intelligence",
volume = "III",
year = "1991",
pages = "25--38",
publisher = "North--Holland"}

@article{HKS99,
author = "Stephen H{\"o}lldobler and Yvonne Kalinke and H. P. Storr",
title = "Approximating the Semantics of Logic Programs by Recurrent Neural Networks",
journal = "Applied Intelligence",
volume = "11",
year = "1999",
pages = "45--58"}

@incollection{HK92,
author = "S. H{\"o}lldobler and F. Kurfess",
title = "{CHCL} -- {A} Connectionist Inference System",
booktitle = "Parallelization in Inference Systems",
publisher = "Springer, LNAI {\it 590}",
year = "1992",
editor = "B. Fronh{\"o}fer and G. Wrightson",
pages = "318 - 342"}

@inproceedings{Hop84,
author = "J.J.~Hopfield",
title = "Neurons with Graded Response have Collective Computational
Properties like those of Two-State Neurons",
booktitle = "Proc. Natl. Acad. Sci.",
volume = "81",
pages = "3088--3092",
year = "1984"}

@inproceedings{Hop82,
author = "J.J.~Hopfield",
title = "Neural Networks and Physical Systems with Emergent Collective
Computational Abilities",
booktitle = "Proc. Natl. Acad. Sci.",
volume = "79",
pages = "2554--2558",
year = "1982"}

@phdthesis{Hue72,
author = "G.~Huet",
title = "Constrained Resolution: a complete method for higher-order logic",
year = "1972",
school = "Case Western University"}

@article{Hue73,
author = "G.~Huet",
title = "The undecidability of unification in third-order logic",
journal = "Information and Control",
year = "1973",
volume = "22",
pages = "257--267"}

@inproceedings{Huet86,
  author    = {G{\'e}rard P. Huet},
  title     = {Mechanizing Constructive Proofs (Abstract)},
  booktitle = {CADE},
  year      = {1986},
  pages     = {403}}
  
  @inproceedings{Huet87,
  author    = {G{\'e}rard P. Huet},
  title     = {Induction Principles Formalized in the Calculus of Constructions},
  booktitle = {TAPSOFT, Vol.1},
  year      = {1987},
  pages     = {276-286}}


@INPROCEEDINGS{Huet98,
    author = {GÔøΩrard Huet and Amokrane Sa\"{i}bi and Inria Rocquencourt},
    title = {Constructive Category Theory},
    booktitle = {In Proceedings of the Joint CLICS-TYPES Workshop on Categories and Type Theory, Goteborg},
    year = {1998},
    publisher = {MIT Press}
}


@article{HuetL78,
  author    = {G{\'e}rard P. Huet and
               Bernard Lang},
  title     = {Proving and Applying Program Transformations Expressed with
               Second-Order Patterns},
  journal   = {Acta Inf.},
  volume    = {11},
  year      = {1978},
  pages     = {31-55}}

@book{HR04,
author = "Michael Huth and Mark Ryan",
title = "Logic in Computer Science",
publisher = "Cambridge University Press",
year = "2004"}

@inproceedings{Ind95,
author = "P.~Indyk",
title = "Optimal Simulation of Automata by Neural Nets",
booktitle = "Proc. of the Twelfth Annual Symposium on theoretical aspect of
Computer Science",
series = "LNCS",
editor = "E.W.~Mayr and C.~Puech",
year = "1995",
pages = "337"}

@inproceedings{IrelandGB10,
  author    = {Andrew Ireland and
               Gudmund Grov and
               Michael Butler},
  title     = {Reasoned Modelling Critics: Turning Failed Proofs into Modelling
               Guidance},
  booktitle = {ASM},
  year      = {2010},
  pages     = {189-202}}

@article{JR97,
author = "B.~Jacobs and J.J.M.M.~Rutten",
title = "A Tutorial on (Co)Algebras and (Co)Induction",
journal = "Bulletin of EATCS",
volume = "62", 
year = "1997", 
pages = "222--259"} 

 @article{Jaume02,
  author    = {Mathieu Jaume},
  title     = {On Greatest Fixpoint Semantics of Logic Programming},
  journal   = {J. Log. Comput.},
  volume    = {12},
  number    = {2},
  year      = {2002},
  pages     = {321-342}}
  
	@inproceedings{JohanssonDB10,
  author    = {Moa Johansson and
               Lucas Dixon and
               Alan Bundy},
  title     = {Case-Analysis for Rippling and Inductive Proof},
  booktitle = {ITP},
  year      = {2010},
  pages     = {291-306},
  publisher = {Springer},
  series    = {LNCS},
  volume    = {6172}}

  @inproceedings{JAS91,
  author = "G. Joya and M. A. Atencia and F. Sandoval",
  title = "Application of high-order hopfield neural networks to the solution of {D}iophantine equations",
  booktitle = "Artificial Neural Networks",
  series = "LNCS",
  year = "1991", 
  volume  = "540", 
  pages = "395-400"}
  
  
@INPROCEEDINGS{JulienP09,
  AUTHOR = {Nicolas Julien and
               Ioana Pasca},
  TITLE = {{Formal Verification of Exact Computations Using Newton's
               Method}},
  BOOKTITLE = {{TPHOLs 2009}},
  PAGES = {408-423},
  SERIES = {LNCS},
  VOLUME = {5674},
  YEAR = {2009}}

@phdthesis{Kal94,
author = "Y.~Kalinke",
title = "Ein Massive Parallels Berechningsmodell f{\"u}r Normale Logische
Programme",
year = "1994",
school = "Department of Computer Science, Dresden University of Technology"}

@incollection{Kanellakis88,
  author    = {P.~C.~Kanellakis},
  title     = {Logic Programming and Parallel Complexity},
  booktitle = {Foundations of Deductive Databases and Logic Prog.},
  publisher = {Morgan Kaufmann},
  year      = {1988},
  isbn      = {0-934613-40-0},
  pages     = {547-585}}

@inproceedings{KM95,
author = "M. Karpinski and Angus Macintyre",
title = "Polynomial Bounds for VC Dimension of Sigmoidal Neural Networks",
booktitle = "Proceedings of 27th ACM STOC",
pages = "337--341",
year = "1995"}

@article{KM97,
author = "M. Karpinski and A. Macintyre",
title = "Polynomial bounds for VC Dimension of Sigmoidal and General Pfaffian Neural Networks",
journal = "J. Comp. Syst. Sci.",
volume = "54",
year = "1997",
pages = "169--176"}

@article{KM99,
author = "M. Karpinski and A. Macintyre",
title = "A generalization of Wilkie's Theorem of the Complement, and an
Application to Pfaffian Closure",
journal = "Sel. Math.",
volume = "5",
year = "1999",
pages = "507--516"}
 
 
@book{KM00,
author = "M.~Kaufmann and P.~Manolios and J.~Strother Moore",
title = "Computer-Aided Reasoning: ACL2 Case Studies",
publisher = "Kluwer Academic Publishers", 
year = "2000"}
 

@article{KerstingRR06,
  author    = {Kristian Kersting and
               Luc De Raedt and
               Tapani Raiko},
  title     = {Logical Hidden Markov Models},
  journal   = {J. Artif. Intell. Res. (JAIR)},
  volume    = {25},
  year      = {2006},
  pages     = {425-456}}

 @book{Kha92,
 author = "H.K.~Khalil",
 title = "Nonlinear systems",
 publisher = "Englewood Cliffs, NJ: Prentice Hall",
 year = "1992"}
 

@inproceedings{KL89,
author = "Michael Kifer and Eliezer L. Lozinskii",
title = "{RI}: A Logic for Reasoning with Inconsistency",
booktitle = "Proceedings of the 4th IEEE Symposium on Logic in Computer Science (LICS)",
address = "Asilomar",
publisher = "IEEE Computer Press",
year = "1989",
pages = "253--262"}

@article{KS92,
author = "Michael Kifer and V. S. Subrahmanian",
title = "Theory of Generalized Annotated Logic Programming and its Applications",
journal = "Journal of logic programming",
volume = "12",
year = "1991",
pages = "335--367"}

@article{KS96,
author = "J.~Kilian and H.T.~Siegelmann",
title = "The Dynamic Universality of Sigmoidal Neural Networks",
journal = "Information and Computation",
volume = "128",
number = "1",
pages = "48--56",
year = "1996"}


@article{KLP01,
author ="L.~Kindermann and  A.~Lewandowski and P.~Protzel",
title = "A framework for solving functional equations with neural networks",
journal = "Neural Information Processing, ICONIP2001 Proceedings, Fudan University Press, Shanghai",
year = "2001", 
volume = "2", 
pages = "1075-1078"}

@inproceedings{KP96,
author = "Y. Kinoshita and A. J. Power",
title = "A fibrational semantics for logic programs",
editor = "Dyckhoff, Roy and Herre, Heinrich and Schroeder-Heister, Peter",
booktitle = "Proceedings of the Fifth International Workshop on Extensions of Logic Programming",
address = "Leipzig, Germany",
year = "1996",
series = "LNAI",
volume  = "1050",
publisher = "Springer"}


@article{Kitano,
author = "H.~Kitano",
title = "Designing Neural Networks using Genetic algorithm with Graph Generation system",
journal = "Complex Systems",
volume = "4",
pages = "461 -- 476",
year = "1990"}

@book{Kl52,
author = "S.C.~Kleene",
title  = "Introduction to Metamathematics",
year = "1952",
publisher = "D. van Nostrand Company, Inc",
address = "New York, Toronto"}

@incollection{Kl56,
author = "S.C.~Kleene",
title = "Neural Nets and Automata",
booktitle = "Automata Studies",
pages = "3 -- 43",
year = "1956",
publisher = "Princeton University Press"}

@article{seL4_CACM_10,
  author =  {Gerwin Klein 
  and June Andronick
  and Kevin Elphinstone 
  and Gernot Heiser	 
  and David Cock
  and Philip Derrin
  and Dhammika Elkaduwe
  and Kai Engelhardt
  and Rafal Kolanski
  and Michael Norrish
  and Thomas Sewell
  and Harvey Tuch
  and Simon Winwood},
  title =        {{seL4}: Formal Verification of an {OS} Kernel},
  journal =      {Communications of the ACM (CACM)},
  publisher =    {ACM},
  year =         {2010},  
  month =        jun,
  pages =        {107--115},
  volume =       53, 
  number =       6
}

@book{K05,
author = "Werner Kluge",
title = "Abstract Computing Machines",
publisher = "Springer",
year = "2005"}

@book{K-BN00,
author = "I. Cloete and J. M. Zurada",
title = "Knowledge-Based Neurocomputing",
publisher = "MIT Press",
year = "2000"}


@book{Koh88,
author = "T. Kohonen",
title = "Self-Organization and Associative memory",
edition = "Second edition",
publisher = "Springer-Verlag, Berlin",
year = "1988"}

@article{KCG94,
author = "P.~Koiran and M.~Cosnard and M.Garzon",
title = "Computability with Low-Dimensional Dynamic Systems",
journal  = "Theoretical Computer Science",
volume = "132",
pages = "113--128",
year = "1994"}

@inproceedings{Kol57,
author = "A.N.~Kolmogorov",
title = "On the Representation of Continuous Functions of Many Variables by
Superposition of Continuous Functions of One Variable and Addition",
booktitle = "Dokl. Akad. Nauk USSR",
volume = "114",
pages = "953--956",
year = "1957"}

@incollection{KLS06,
author = "E.~Komendantskaya and M.~Lane and A.~Seda",
title = "Connectionist Representation of Multi-Valued Logic Programs",
booktitle = "Perspectives of Neural-Symbolic Integration",
editor = "Barbara Hammer and Pascal Hizler",
publisher = "Springer Verlag",
series = "Computational Intelligence",
year = "2007",
pages = "259--289"}

@inproceedings{KS105,
author = "Vladimir Komendantsky and Anthony Karel Seda",
title = "Computation of Normal Logic Programs by Fibring Neural Networks",
booktitle = "Proc. 7th Int. Workshop on First-Order
Theorem Proving (FTP'05)",
address = "Koblenz, Germany",
month = "September 15--17",
year = "2005",
pages = "97--112"}

@inproceedings{KSK05,
author = "E.~Komendantskaya and A.~Seda",
title = "On Approximation of the Semantic Operators Determined by
Bilattice-Based Logic Programs",
booktitle = "FTP'05",
year = "2005",
pages = "112-130"}
%address = "Koblenz, Germany",
%month = "September 15--17",


@inproceedings{KS06,
author = "Ekaterina Komendantskaya and Anthony Karel Seda",
title = "Logic programs with uncertainty: neural computations and automated reasoning",
booktitle = "Proc. CiE'06",
address = "Swansea, Wales",
month = "June 30-- July 5",
pages = "170--182",
year = "2006"}


@inproceedings{KS062,
author = "Ekaterina Komendantskaya and Anthony Karel Seda",
title = "Declarative and Operational Semantics for Bilattice-Based Annotated
Logic Programs",
booktitle = "Proc. 4th Irish Conf. on the Mathematical
Foundations of Computer Science and Information Technology (MFCSIT)",
address = "Cork, Ireland",
month = "August 1-- August 5",
pages = "229--233",
year = "2006"}

@inproceedings{KS063,
author = "Ekaterina Komendantskaya and Anthony Karel Seda",
title = "Sound and Complete SLD-resolution for Bilattice-Based Annotated
Logic Programs",
booktitle = "Accepted for publication  in ENTCS Post-Proceedings volume of
MFCSIT'06",
address = "Cork, Ireland",
month = "August 1-- August 5",
pages = "18 pages",
year = "2006"}

@inproceedings{Kom062,
author = "Ekaterina Komendantskaya",
title = "A Many-Sorted Semantics for Many-Valued Annotated Logic Programs",
booktitle = "Proc. 4th Irish Conf. on the Mathematical
Foundations of Computer Science and Information Technology (MFCSIT)",
address = "Cork, Ireland",
month = "August 1-- August 5",
pages = "225--229",
year = "2006"}

@misc{KP06,
author = "Ekaterina Komendantskaya and John Power",
title = "Fibrational semantics for many-valued logic programs",
pages = "16 pages",
year = "2007",
note = "Submitted"}

@incollection{KK07,
author = "Ekaterina Komendantskaya and Vladimir Komendantsky",
title= "On uniform proof-theoretical operational semantics for logic
  programming",
editors = "J.-Y. Beziau and A.~Costa-Leite",
booktitle = "Directions in Universal Logic. (Post-Proceedings
volume of the 1st World
  Congress on Universal Logic (UNILOG-05), 26 March -- 3 April, 2005,
  Montreux,  Switzerland)",
publisher = "Polymetrica",
year = "2007",
note = "In print"}


@techreport{Kom06,
author = "Ekaterina Komendantskaya",
title = "Learning and Deduction in Neural Networks and Logic",
year = "2006",
institution = "Boole Centre for Research in Informatics",
note = "34 pages. Appeared as BCRI preprint www.bcri.ucc.ie/BCRI\_62.pdf"}

@inproceedings{Kom072,
author = "Ekaterina Komendantskaya",
title = "First-Order Deduction in Neural Networks",
booktitle = "Proc. 1st Int. Conf. on Language and
Automata Theory and Applications (LATA'07)",
date = "March 29--April 4",
year = "2007",
pages = "307--319",
address = "Tarragona, Spain"}

@article{Kom074,
author = "Ekaterina Komendantskaya",
title = "First-Order Deduction in Neural Networks",
journal = "Submitted to the Journal of Information and
Computation Postproceedings volume of LATA'07",
year = "2007",
pages = "26 pages"}

@inproceedings{Kom07,
author = "Ekaterina Komendantskaya",
title = "A Sequent Calculus for Bilattice-Based Logic and Its Many-Sorted
Representation",
booktitle = "Proc. Int. Conf. on Automated
 Reasoning with Analytic Tableaux and Related Methods, TABLEAUX'07",
series = "LNAI",
volume = "4548",
pages = "165--182",
publisher = "Springer",
address = "Aix en Provance",
year = "3-- 6 July, 2007",
editor = "N.~Olivetti"}

@techreport{Kom073,
author = "E.~Komendantskaya",
title = "Categorical Analysis of Many-Valued Logic Programming",
institution = "Boole Centre For Reasearch in Informatics",
note = "To appear as BCRI Preprint, 36 pages",
year = "2007"}

@misc{Kom07sl,
author = "E.~Komendantskaya",
title = "First-Order Deduction in Neural Networks",
note = "LATA'07 Presentation, available at
\texttt{www.cs.ucc.ie/\~{}ek1/slides.html}"}

@misc{Kom06sl,
author = "E.~Komendantskaya",
title = "Bilattice-Based Logic Programs: Neural Computations and Automated
Reasoning",
note = "CiE'06 Presentation, available at
\texttt{www.cs.ucc.ie/\~{}ek1/slides.html}"}

@phdthesis{Kom07phd,
author = "Ekaterina Komendantskaya",
title = "Learning and Deduction in Neural Networks and Logic",
year = "2007",
school = "Department of Mathematics, University College Cork, Ireland"}

@inproceedings{Kom08,
author = "E.~Komendantskaya", 
title = "Unification by Error-Correction",
booktitle = "Proceedings of NeSy'08 workshop at ECAI'08, 21-25 July 2008, Patras, Greece", 
publisher = "CEUR Workshop Proceedings", 
volume = "366", 
year = "2008"}

@misc{Kom09,
author = "E.~Komendantskaya",
title = "Unification Neural Networks: Library of functions and examples written in {MATLAB} Neural Network Toolbox",
year = "2009",
note = "www.cs.st-andrews.ac.uk/\~{}ek/Error-Correction.zip"}


@article{Kom11-unif,
  author    = {Ekaterina Komendantskaya},
  title     = {Unification neural networks: unification by error-correction
               learning},
  journal   = {Logic Journal of the IGPL},
  volume    = {19},
  number    = {6},
  year      = {2011},
  pages     = {821-847}}




@misc{Kom09-RNN,
author = "E.~Komendantskaya",
title = "Term Rewriting in Neural Networks: Library of functions and examples written in {MATLAB} Neural Network Toolbox",
year = "2009",
note = "www.cs.st-andrews.ac.uk/\~{}ek/Term-Rewriting.zip"}

@inproceedings{Kom09-ICNC2,
author = "E.~Komendantskaya",
title = "Neurons Or Symbols: why does or remain exclusive? {P}osition Paper",year = "2009",
booktitle = "Proceedings of ICNC'09, Madeira, 3-7 October",
publisher = "INSTICC"}

@inproceedings{Kom09-ICNC,
author = "E.~Komendantskaya",
title = "Parallel Rewriting in Neural Networks",year = "2009",
booktitle = "Proceedings of ICNC'09, Madeira, 3-7 October",
publisher = "INSTICC"}

@inproceedings{Kom09-CiE,
author = "E.~Komendantskaya",
title = "Parallel Term Rewriting in Neural Networks, Abstract",year = "2009",
pages = "340",
editors = "Klaus Ambos-Spies, Benedikt Lowe, Wolfgang Merkle", 
booktitle = "Mathematical Theory and Computational Practice, Fifth Conference on Computability in Europe, CiE 2009, Heidelberg, Germany, July 19-24, 2009, Abstract Booklet", 
publisher = "University of Heidelberg"}

@inproceedings{KBG10,
author = "E.~Komendantskaya and K~Broda and A.~d'Avila Garcez",
title = "Using Inductive Types for Ensuring Correctness of Neuro-Symbolic Computations",
booktitle = "Informal Proceedings of CiE'2010",
year = "2010"}


@inproceedings{KBG10-2,
  author    = {Ekaterina Komendantskaya and
               Krysia Broda and
               Artur S. d'Avila Garcez},
  title     = {Neuro-symbolic Representation of Logic Programs Defining
               Infinite Sets},
  booktitle = {ICANN (1)},
  year      = {2010},
  pages     = {301-304},
   publisher = {Springer},
  series    = {LNCS},
  volume    = {6352}}

@article{kom10,
author = "E.~Komendantskaya",
title = "Unification Neural Networks: Unification by Error-Correction Learning",
journal = "Logic Journal of IGPL", 
publisher = "Oxford Journals", 
year = "2010"}

@inproceedings{KP11,
  author    = {E. Komendantskaya and
               J. Power},
  title     = {Coalgebraic Derivations in Logic Programming},
  booktitle = {CSL},
	 publisher = {Schloss Dagstuhl},
  series    = {LIPIcs},
  year      = {2011},
  pages     = {352-366}}

@inproceedings{KP11-2,
  author    = {Ekaterina Komendantskaya and
               John Power},
  title     = {Coalgebraic Semantics for Derivations in Logic Programming},
  booktitle = {4th International Conference on Algebra and Coalgebra in Computer Science (CALCO'11)},
	series = {LNCS},
	publisher = {Spinger},
  year      = {2011},
  pages     = {268-282}}


@inproceedings{Kom11,
author = "E.~Komendantskaya", 
title = "Machine-Learning Coalgebraic Proofs",
booktitle = "Short Post-proceedings of ITP'11", 
year = "2011"}


@inproceedings{GKA12,
author = "G. Grov and E. Komendantskaya and A. Bundy",
title = "A Statistical Relational Learning Challenge - extracting proof strategies from exemplar proofs",
booktitle = "ICML'12 worshop on Statistical Relational Learning",
year = "2012"}

@inproceedings{KL12,
author = "E.~Komendantskaya and K.~Lichota",
title = "Neural Networks for Proof-Pattern Recognition", 
booktitle = "International Conference on Artificial Neural Networks (ICANN'12)",
year = "2012",
pages = "427--435",
volume = {7553},
series = "LNCS",
doi = {10.1007/978-3-642-33266-1\_53}}

@misc{Kom12,
author = "E.~Komendantskaya",
title = "Machine-Learning Automated Proofs. Project's webpage.",
year = "2012",
note = "http://www.computing.dundee.ac.uk/staff/katya/MLCAP-man/"}

@inproceedings{Kow74,
author = "R. A. Kowalski",
title = "Predicate Logic as a Programming Language",
booktitle = "Information Processing 74",
address = "Stockholm, North Holland",
year = "1974",
pages = "569--574"}

@article{Koz81,
author = "D. Kozen",
title = "Semantics of Probabilistic Programs",
journal = "Journal of Computer and System Science",
volume = "22",
year = "1981",
pages = "328--350"}

@inproceedings{KKR06,
author  = "D.~Kozen and C.~Kreitz and E.~Richter",
title = "Automating Proofs in Category Theory",
booktitle = "International Conference - IJCAR 2006", 
series = "LNAI",
volume = "4130", 
pages = "392-407", 
publisher = "Springer Verlag", 
year = "2006"}

@book{K06,
author = "Dexter Kozen",
title = "Theory of Computation",
publisher = "Springer",
year = "2006"}

@article{Kripke83,
author = "S. Kripke",
title = "Outline of a theory of truth",
journal = "The Journal of Philosophy",
volume = "72",
year = "1975",
pages = "690--716"}

@article{LS02,
author = "Laks V. S. Lakshmanan and Fereidoon Sadri",
title = "On a Theory of Probabilistic Deductive Databases",
journal = "Theory and Practice of Logic Programming",
volume = "1",
number = "1",
month = "January",
year = "2001",
pages = "5--42"}

@book{LS86,
author = "J. Lambek and P.J. Scott",
title = "Higher Order Categorical Logic",
publisher = "Cambridge University Press",
year = "1986"}

@PhdThesis{Lane06,
author =  "M\'aire Lane",
title =  "$\mathfrak{C}$-Normal Logic Programs and Semantic Operators:
Their Simulation by Artificial Neural Networks",
school = "Department of Mathematics, University College Cork, Cork,
Ireland",
year = "2006"}

@Article{LD89,
author = "T. E. Lange and M. G. Dyer",
title = "High-Level Inferencing in a Connectionist Network",
journal = "Connection Science",
volume = "1",
pages = "181 - 217",
year = "1989"}


@article{LM84,
author = "J.-L.~Lassez and M.J.~Maher",
title = "Closures and Fairness in the Semantics of Programming Logic",
journal = "Theoretical Computer Science",
volume = "29",
year = "1984",
pages = "167--184"}

@article{LT84,
author = "J.W.~Lloyd and R.W.~Topor",
title = "Making Prolog More Expressive",
journal = "Journal of Logic Programming",
volume = "1",
number = "3",
year = "1984",
pages = "225 -- 240"}

@book{Llo88,
author = "J.W. Lloyd",
title = "Foundations of Logic Programming",
edition = "2nd",
publisher = "Springer-Verlag",
year = "1987"}

@book{Llo03,
author = "J.W. Lloyd", 
title = "Logic for Learning: Learning Comprehensible Theories from Structured Data", 
publisher = "Springer, Cognitive Technologies Series", 
year = "2003"}

@inproceedings{Lor76,
author = "G.G.~Lorentz",
title = "The 13-th Problem of {H}ilbert",
booktitle = "Proc. of Symposia in Pure Math.",
volume = "28",
pages = "419--430",
publisher = "Am. Math. Soc.",
year = "1976"}

@article{Lu96,
author = "James J. Lu",
title = "Logic Programming with Signs and Annotations",
journal = "Journal of Logic and Computation",
volume = "6",
number = "6",
year = "1996",
publisher = "Oxford University Press",
pages = "755-778"}

@article{LMR05,
author = "James J. Lu and Neil V. Murray and Erik Rosenthal",
title = "Deduction and Search Strategies for Regular Multiple-Valued Logics",
journal = "Journal of Multiple-valued logic and soft computing",
volume = "11",
pages = "375--406",
year = "2005",
publisher = "Old city publishing"}

@article{LMR98,
author = "James J. Lu and Neil V. Murray and Erik Rosenthal",
title = "A Framework for Automated Reasoning in Multiple-Valued Logics",
journal = "Journal of Automated Reasoning",
volume = "21",
number = "1",
pages = "39-67",
year = "1998"}

@book{Luk64,
author = "Jan Lukasiewicz",
title = "Elements of Mathematical Logic",
year = "1964",
publisher = "Macmillan, NY"}

@inproceedings{Luk99,
author = "T. Lukasiewicz",
title = "Many-Valued Disjunctive Logic Programs with Probabilistic Semantics",
year = "1999",
editor = "M. Gelfond and N. Leone and G. Pfiefer",
booktitle = "LPNMR'99",
volume = "1730",
series = "LNAI",
pages = "277-289"}

@inproceedings{MSS91,
author = "W. Maas and G. Schintger and E.D. Sontag",
title = "On the Computational Power of Sigmoidal versus Boolean Threshold Circuits",
booktitle = "Proceedings of 32nd IEEE FOCS",
pages = "767--776",
year = "1991"}

@inproceedings{Maj04,
author = "Zoran Majki{\'c}",
title = "Ontological Encapsulation of Many-valued Logic",
booktitle = "19th Italian Symposium on Computational Logic (CILC04)",
year = "2004",
month = "June",
day = "16-17",
address = "Parma, Italy"}

@book{ML71,
author = "S. MacLane",
title = "Categories for the working mathematician",
publisher = "Springer-Verlag",
series = "Graduate Texts in Mathematics",
address = "Berlin",
year = "1971"}

@inproceedings{MS93,
author = "A. J. Macintyre and E.D.Sontag",
title = "Finiteness results for Sigmoidal Neural Networks",
booktitle = "Proceedings of 25th ACM STOC",
pages = "325-334",
year = "1993"}

@incollection{Manzano93,
author = "Maria Manzano",
title = "Introduction to many-sorted logic",
booktitle = "Many-Sorted logic and its Applications",
publisher = "John Wiley and Sons, UK",
editor = "K. Meinke and J. V. Tucker",
pages = "3--88",
year = "1993"}

@book{Marker,
author = "David Marker",
title = "Model Theory: An Introduction",
series = "Graduate Texts in Mathematics",
publisher = "Springer-Verlag, N.Y.",
year = "2002"}

@book{M01,
author = "Gary Markus",
title = "The Algebraic Mind: Integrating Connectionism and Cognitive Science",
publisher = "Cambridge, MA: MIT Press",
year = "2001"}

@inproceedings{Marti,
author = "L.~Marti",
title = "Genetically Generated neural networks ii: seraching for an optimal representation",
booktitle = "Proceedings of the International Joint Conference on Neural Networks",
pages = "221-226",
volume = "1",
year = "1992"}


@book{M-L84,
author = "Per Martin-L{\"o}f",
title = "Intuitionistic Type Theory",
publisher = "Napoli, Bibliopolis",
year = "1984"}

@inproceedings{M-L82,
author = "P.~Martin-L{\"o}f", 
year  = "1982",
title = "Constructive Mathematics and Computer Programming", 
booktitle = "Proceedings of the Sixth International Congress for Logic, Methodology, and Philosophy of Science", 
publisher = "North Holland, Amsterdam", 
pages = "153-175"}

@misc{Matita,
title = "Matita V0.1.0 User Manual",
author = "A.~Asperti and C.~S.~Coen and F.~Guidi and
E.~Tassi and S.~Zacchiroli",
year = "2006"}

@misc{MAT08,
author = "MathWorks",
title = "Neural Network Toolbox 6",
year = "2008",
howpublished = "www.mathworks.com"}

@inproceedings{McBride04,
  author    = {Conor McBride},
  title     = {Epigram: Practical Programming with Dependent Types},
  booktitle = {Advanced Functional Programming},
  pages     = {130-170},
  series    = {LNCS},
  volume    = {3622},
  year      = {2005}}
  
  @article{McBrideM04,
  author    = {Conor McBride and
               James McKinna},
  title     = {The view from the left},
  journal   = {J. Funct. Program.},
  volume    = {14},
  number    = {1},
  year      = {2004},
  pages     = {69-111}}

@article{McC01,
author = "David Mc. Cormick",
title = "Brain Calculus: Neural Integration and Persistent Activity",
journal = "Nature Neuroscience",
volume = "4",
pages = "113--114",
year = "2001"}

@article{McP43,
author = "W.S. McCulloch and W. Pitts",
title = "A logical calculus of the ideas immanent in nervous activity",
journal = "Bulletin of Math. Bio.",
volume = "5",
pages = "115-133",
year = "1943"}

@book{MeinTuck93,
author = "K. Meinke and J. V. Tucker",
title = "Many-Sorted logic and its Applications",
publisher = "John Wiley and Sons, UK",
year = "1993"}

@book{Mendelson,
author = "E.~Mendelson",
title = "Introduction to Mathematical Logic",
edition = "2nd",
publisher = "Van Nostrand, Princeton, N.Y.",
year = "1979"}

@article{MicheliPS05,
  author    = {Alessio Micheli and
               Filippo Portera and
               Alessandro Sperduti},
  title     = {A preliminary empirical comparison of recursive neural networks
               and tree kernel methods on regression tasks for tree structured
               domains},
  journal   = {Neurocomputing},
  volume    = {64},
  year      = {2005},
  pages     = {73-92}}

@inproceedings{Mil86,
author = "Dale Miller",
title = "A Theory of Modules for Logic Programming",
booktitle = "IEEE Symposium on Logic Programming",
year = "1986",
pages = "106--114"}


@article{Miller91,
  author    = {Dale Miller},
  title     = {A Logic Programming Language with Lambda-Abstraction, Function
               Variables, and Simple Unification},
  journal   = {J. Log. Comput.},
  volume    = {1},
  number    = {4},
  year      = {1991},
  pages     = {497-536}}

@article{Mil892,
author = "Dale Miller",
title = "A Logical Analysis of Modules in Logic Programming",
journal = "Journal of Logic Programming",
volume = "6",
year = "1989",
pages = "79-108"}

@article{Mil96,
author = "Dale Miller",
title = "A Multiple-Conclusion Meta-Logic",
journal = "Theoretical Computer Science",
volume = "165",
number = "1",
year = "1996"}

@inproceedings{MN87,
author = "D.~Miller and G.~Nadathur",
title = "A Logic-Programming Approach to Manipulating Formulas and Programs",
booktitle = "IEEE Symposium on Logic Programming",
editor = "Seif Haridi",
year = "1987",
pages = "379--388",
address = "San-Francisco"}

@inbook{MNPS91,
author = "Dale Miller and Gopalan Nadathur and Frank Pfenning and Andre Scedrov",
title = "Uniform Proofs as a Foundation for Logic Programming",
series = "Annals of Pure and Applied Logic",
publisher = "Elsevier",
year = "1991",
volume = "51",
pages = "125--157"}

@book{Milner,
author = "R.~Milner",
title = "The Space and Motion of Communicating Agents",
publisher = "Cambridge University Press",
year = "2009"}

@phdthesis{Minsky,
author = "M.~Minsky",
title = "Neural Nets and the Brain - {M}odel Problem",
school = "Princeton University, Princeton NJ",
year = "1954"}

@book{Min69,
author = "M.~Minsky",
title = "Computation: Finite and Infinite Machines",
school = "Prentice-Hall",
year = "1969"}

@book{MP69,
author = "M. Minsky and S. Papert",
title = "Perceptrons",
publisher = "MIT Press, Cambridge",
year = "1969"}

@article{MishraK07,
  author    = {Deepak Mishra and
               Prem Kumar Kalra},
  title     = {Modified {H}opfield Neural Network Approach for Solving Nonlinear
               Algebraic Equations},
  journal   = {Engineering Letters},
  volume    = {14},
  number    = {1},
  year      = {2007},
  pages     = {135-142}}
  
  @inproceedings{Muggleton94,
  author    = {Stephen Muggleton},
  title     = {Bayesian Inductive Logic Programming},
  booktitle = {COLT},
  year      = {1994},
  pages     = {3-11}}

@article{Muggleton00,
  author    = {Stephen Muggleton},
  title     = {Learning Stochastic Logic Programs},
  journal   = {Electron. Trans. Artif. Intell.},
  volume    = {4},
  number    = {B},
  year      = {2000},
  pages     = {141-153}}

@article{NM90,
author = "Gopalan Nadathur and Dale Miller",
title = "Higher-Order {H}orn Clauses",
journal = "Journal of the Association for Computing Machinery",
volume = "37",
number = "4",
month = "October",
year = "1990",
pages = "777--814"}

@inproceedings{NM88,
author = "Gopalan Nadathur and Dale Miller",
title = "An Overview of Lambda-Prolog",
booktitle = "Fifth International Logic Programming Conference",
pages = "810--827",
address = "Seattle",
year = "1988",
publisher = "MIT Press"}


@book{NKKK97,
author = "D.~Nauck and F.~Klawonn and R.~Kruse and F.Klawonn",
title = "Foundations of Neuro-Fuzzy Systems",
year = "1997",
publisher = "John Wiley and Sons Inc., NY"}

@book{NPW02,
  author    = {T. Nipkow and
               L. C. Paulson and
               M. Wenzel},
  title     = {Isabelle/HOL - A Proof Assistant for Higher-Order Logic},
  publisher = {Springer},
  series    = {LNCS},
  volume    = {2283},
  year      = {2002},
  doi = {10.1007/3-540-45949-9},}

@article{NgS92,
author = "Raymond Ng and V. S. Subrahmanian",
title = "Probabilistic Logic Programming",
journal = "Information and computation",
volume = "101",
number = "2",
year = "1992",
pages = "150--201"}

@article{NgS94,
author = "Raymond Ng and V. S. Subrahmanian",
title = "Stable Semantics for Probabilistic Deductive Databases",
journal = "Information and computation",
volume = "110",
number = "1",
year = "1994",
pages = "42--83"}

@article{Ng97,
author = "Raymond Ng",
title = "Reasoning with Uncertainty in Deductive Databases and Logic Programs",
journal = "International Journal of Uncertainty, Fuzziness and Knowledge-based
Systems",
volume = "2",
number = "3",
pages = "261--316",
year = "1997"}

@PhDThesis{nor07,
author  = "Ulf Norell",
title = "Towards a practical programming language based on dependent type theory",
year = "2007",
school = "Chalmers institute of technology"}

@book{ORM00,
author = "Randall C. O'Reilley and Yuko Munahata",
title = "Computational Explorations in Cognitive Neuroscience: Understanding
the Mind by Simulating the Brain",
publisher = "MIT Press",
year = "2000"}

@inproceedings{Pac94,
author = "A. Paccanaro",
title = "Guiding Term Reduction through a Neural Network: Some Preliminary Results for the Group Theory",
booktitle = "RTA 95 - J. Hsiang ed.", 
publisher = "Springer-Verlag",
series = "LNCS",
number = "914", 
pages = "444 - 450", 
year = "1995"}

@article{MP97,
author = "C. Mareco and A. Paccanaro",
title = "Using the Tree Representation of Terms to Recognize Matching with Neural Networks",
journal = "Nonlinear Analysis", 
volume = "30", 
number = "5", 
pages = "2925 - 2936", 
year = "1997"}

@book{Par94,
author = "Jeff Paris",
title = "The uncertain reasoner's companion - a mathematical perspective",
publisher = "Cambridge University Press",
year = "1994"}

@article{PasseriniFR06,
  author    = {Andrea Passerini and
               Paolo Frasconi and
               Luc De Raedt},
  title     = {Kernels on Prolog Proof Trees: Statistical Learning in the
               ILP Setting},
  journal   = {Journal of Machine Learning Research},
  volume    = {7},
  year      = {2006},
  pages     = {307-342}}

@article{PatersonW78,
  author    = {Mike Paterson and
               Mark N. Wegman},
  title     = {Linear Unification},
  journal   = {J. Comput. Syst. Sci.},
  volume    = {16},
  number    = {2},
  year      = {1978},
  pages     = {158-167}}

@inproceedings{PaulsonS89,
  author    = {Lawrence C. Paulson and
               Andrew W. Smith},
  title     = {Logic Programming, Functional Programming, and Inductive
               Definitions},
  booktitle = {ELP},
  year      = {1989},
  pages     = {283-309}}
  
  @article{Paul93,
  author    = {Lawrence C. Paulson},
  title     = {Isabelle: The Next 700 Theorem Provers},
  journal   = {CoRR},
  volume    = {cs.LO/9301106},
  year      = {1993}}

@incollection{Peano,
author = "Guiseppe Peano",
title = "The Principles of Arithmetic, Presented by a New Method",
booktitle = "A Source Book in Mathematical Logic, 1879 -- 1931",
year = "1967",
editor = "Jean van Heijenoort",
publisher = "Harvard Univ. Press",
pages = "83--97"}


@incollection{Pfen01,
  author    = {F.~Pfenning},
  title     = {Logical frameworks},
  booktitle = {Handbook of Automated Reasoning},
  year      = {2001},
  publisher = "Elsevier Science",
  pages     = {1064-1147}}


@book{Penrose94,
author = "R.~Penrose",
title = "Shadows of the Mind: A Search for the Missing Science of
Consciousness",
publisher = "Oxford University Press",
year = "1994"}


@techreport{Pet82,
author = "K.~Petersson",
title = "A programming system for type theory. {PMG} report 9",
institution = "Chalmers {U}. of {T}echnology",
year = "1982"}

@book{Peirce,
author = "C.S.~Peirce",
title = "Collected Papers of {C}harles {S}aunders {P}eirce, volumes
1--8, C.~Hartshorne, P.~Weiss, A.~Burks (eds.)",
publisher = "Harvard University Press, Cambridge MA",
year = "1931--1935, 1958"}

@book{Pierce02,
author = "B.C.~Pierce",
title = "Types and Programming Languages",
publisher = "{MIT} Press",
year = "2002"}


@article{Plotkin04a,
  author    = {Gordon D. Plotkin},
  title     = {A structural approach to operational semantics},
  journal   = {J. Log. Algebr. Program.},
  volume    = {60-61},
  year      = {2004},
  pages     = {17-139}}

@phdthesis{Pol87,
author = "J.B.~Pollack",
title = "On Connectionist Models of Natural Language Processing",
year = "1987",
school = "Computer science Department, University of Illinois, Urbana"}

@article{Pol90,
author = "J.B.~Pollack",
title = "Recursive Distributed Representations",
year = "1990",
journal = "AIJ",
pages = "77-105",
volume = "46"}

@MISC{legoWWW,
  KEY = {LEGO},
  AUTHOR = {R.~Pollack and \emph{et.al.}},
  TITLE = {{The LEGO Proof Assistant}},
  YEAR = 2001,
  URL = {http://www.dcs.ed.ac.uk/home/lego/}
}


@inproceedings{PS90,
author = "A. John Power and Leon Sterling",
title = "A notion of a map between logic programs",
booktitle = "Logic Programming, Proceedings of the Seventh International
Conference",
pages = "390--404",
editors = "David H.D. Warren and Peter Szeredi",
publisher = "MIT Press",
year = "1990"}

@article{Pra60,
author = "D.~Prawitz",
title = "An improved Proof Procedure",
journal = "Theoria",
volume = "26",
pages = "102--139",
year = "1960"}

@article{PB83,
author = "J. S. Provan and M. O. Ball",
title = "The Complexity of Counting Cuts and of Computing the Probability that a Graph is Connected",
journal = "SIAM Journal of Computing",
volume = "12",
number = "4",
year = "1983"}

@article{Q05,
author = "R.~Quian Quiroga and L.~Reddy and G.~Kreiman and C.~Koch and I.~Fried",
title = "Invariant visual representation by single neurons in the human brain",
journal = "Nature",
volume = "435",
pages = "1102 -- 1107",
year = "2005"}

@article{Q09,
author = "R.~Quian Quiroga and A.~Kraskov and C.~Koch and I.~Fried",
title = "Explicit Encoding of Multimodal Percepts by Single Neurons in the Human Brain",
journal = "Cur. Biol.",
number = "15",
volume = "19",
pages = "1308-1313",
year = "2009"}

@book{Ranta,
author = "A.~Ranta",
title = "Type-theoretical Grammar",
year = "1995",
publisher = "Clarendon Press"}

@book{Res69,
author = "N. Resher",
title = "Many-valued logic",
publisher = "Mac Graw Hill",
year = "1996"}

@article{Rob63,
author = "J.A. Robinson",
title = "A Machine-Oriented Logic Based on the Resolution Principle",
journal = "Journal of ACM",
volume = "12",
number = "1",
year = "1965",
pages = "23--41"}


@article{Ros58,
author  = "F.~Rosenblatt",
title = "The Perceptron: A Probabilistic Model for Information Storage and
Organisation in the Brain",
journal = "Psychol. Rev.",
volume = "65",
pages = "386---408",
year = "1958"}

@book{Ros61,
author = "F.~Rosenblatt",
title = "Principles of Neurodynamics",
publisher = "Spartan Books, Washington DC",
year = "1961"}

@book{RMcC86,
author = "D.E.~Rumelhart and J.L.~McClelland",
title = "Parallel Distributed Processing: Explorations in the Microstructure
of Cognition, I \& II",
publisher = "MIT Press, Cambridge MA",
year  = "1986"}

@book{RN10,
author = "S.~Russell and  P.~Norvig", 
title = "Artificial Intelligence:  A Modern Approach",
year = "2010"}

@article{R2000,
author = "J.J.M.M.~Rutten",
title = "Universal coalgebra: a theory of systems",
journal = "TCS", 
year = "2000",  
publisher = "Elsevier"}


@book{Russel,
author = "Alfred Whitehead and Bertran Russel",
title = "Principia Mathematica",
publisher = "Cambridge Univ. Press",
year = "1910, 1912, 1913"}

@inproceedings{Sal96,
author = "Gernot Salzer",
title = "{MU}ltlog 1.0: Towards an Expert System for Many-Valued Logics",
booktitle = "Proc. 13th Int. Conf. on Automated Deduction (CADE'96)",
series = "LNCS (LNAI)",
volume = "1104",
pages = "226 -- 230",
publisher = "Springer",
year = "1996"}

@article{Sal00,
author = "Gernot Sazler",
title = "Optimal Axiomatizations of Finitely-Valued Logics",
journal = "Information and Computation",
volume = "162",
number = "1 -- 2",
pages = "185 -- 205",
year = "2000"}


@article{Sed95,
author = "Anthony Karel Seda",
title = "Topology and the Semantics of Logic Programs",
journal = "Fundamenta Informaticae",
volume = "24",
year = "1995",
pages = "359--386"}

@inproceedings{Sed04a,
author = "Anthony Karel Seda",
title = "On {K}ozen's Embedding and the Use of Analysis in the Semantics of Computation",
editor = "L. Li and K. Yen",
booktitle = "Proceedings of the Third International Conference on Information (Information'04)",
address = "Tokyo, International Information Institute",
month = "November",
year = "2004",
pages = "301-304"}


@article{Ses02,
author = "Maria I. Sessa",
title = "Approximate Reasoning by Similarity-based {SLD}-resolution",
journal = "Theoretical computer science",
volume = "275",
pages = "389-426",
year = "2002"}

@inproceedings{SL04,
author = "Anthony Karel Seda and Maire Lane",
title = "Some Aspects of the Integration of Connectionist and Logic-Based
Systems",
editor = "L. Li and K. Yen",
booktitle = "Proceedings of the Third International Conference on Information Information'04",
address = "Tokyo",
month = "November",
year = "2004",
pages = "297-300"}

@article{SL05,
author = "Anthony Karel Seda and Maire Lane",
title = "On the Measurability of the Semantic Operators Determined by Logic Programs",
journal = "Information",
volume = "8",
year = "2005",
pages = "1-19",
note = "To appear"}

@inproceedings{Sed05,
author = "Anthony K. Seda",
title = "On the Integration of Connectionist and Logic-Based Systems",
editor = "T. Hurley and M. {Mac an Airchinnigh} and M. Schellekens and A. K. Seda and G. Strong",
booktitle = "Proceedings of MFCSIT2004, Trinity College Dublin, July, 2004",
series = "Electronic Notes in Theoretical Computer Science",
publisher = "Elsevier",
volume = "161",
pages = "109--130",
year = "2005"}


@article{Serpen08,
  author    = {G{\"u}rsel Serpen},
  title     = {Hopfield Network as Static Optimizer: Learning the Weights
               and Eliminating the Guesswork},
  journal   = {Neural Processing Letters},
  volume    = {27},
  number    = {1},
  year      = {2008},
  pages     = {1-15}}

@book{Shoenfield,
author = "J.~Shoenfield",
title = "Mathematical Logic",
publisher = "Addison-Wesley, Reading, Mass.",
year = "1967"}


@inproceedings{SA90,
author = "L. Shastri and V. Ajjanagadde",
title = "An optimally efficient limited inference system",
booktitle = "Proceedings of the AAAI National Conference on Artificial
Intelligence",
pages = "563--570",
year = "1990"}

@article{SA93,
author = "L. Shastri and V. Ajjanagadde",
title = "From Associations to Systematic Reasoning: A
Connectionist Representation of Rules, Variables and
Dynamic Bindings using Temporal Synchrony",
journal = "Behavioural and Brain Sciences",
year = "1993",
volume = "16",
number = "3",
pages = "417-494"}


@book{Sieg99,
author = "H. Siegelmann",
title = "Neural Networks and Analog Computation. Beyond the Turing Limit",
publisher = "Birkhauser",
year = "1999"}

@article{SM99,
author = "H.~Siegelmann and M.~Margenstern",
title = "Nine Switch-Affine Neurons Suffice for {T}uring Universality",
journal = "Neural Networks",
volume = "12",
pages = "593--600",
year = "1999"}

@article{SS91,
author = "H.~Siegelmann and E.D.~Sontag",
title = "Turing Computability with Neural Nets",
journal = "Applied Mathematics Letters",
volume = "4",
number = "6",
pages = "77--80",
year = "1991"} 

@article{SS95,
author = "H.~Siegelmann and E.D.~Sontag",
title = "On the Computational Power of Neural Nets",
journal = "J. of Computers and System Science",
volume = "50",
number = "1",
pages = "132--150",
year = "1995"}

@article{Smol88,
author = "P.~Smolensky",
title = "On the Proper Treatment of Connectionism",
journal = "Behavioral and Brain Sciences",
volume = "11",
pages = "1--74",
year = "1988"}

@book{Smol06,
author = "P. Smolensky and G Legendre",
title = "The Harmonic Mind",
publisher = "MIT Press",
year = "2006"}

@book{Soare87,
author = "Robert Soare",
title = "Recursively Enumerable Sets and Degrees: A Study of Computable
Functions and Computably Generated Sets",
publisher = "Springer-Verlag, Heidelberg",
year = "1987"}


@article{SorgeMMC08,
  author    = {Volker Sorge and
               Andreas Meier and
               Roy L. McCasland and
               Simon Colton},
  title     = {Automatic Construction and Verification of Isotopy Invariants},
  journal   = {J. Autom. Reasoning},
  volume    = {40},
  number    = {2-3},
  year      = {2008},
  pages     = {221-243}}

@inproceedings{SW10,
        author = {Bas Spitters and Eelis van der Weegen},
        title = {Type classes for mathematics in Type Theory},
        booktitle = {Interactive Theorem Proving (ITP2010)},
        year = {2010},
        editor = {Matt Kaufmann and Lawrence Paulson},
        pages = {490--493},
        publisher = {Springer},
        series={LNCS}
}

@article{Spr65,
author = "D.A.~Sprecher",
title = "On the Structure of Continuous Functions of Several Variables",
journal = "Trans. Am. Math. Soc.",
volume = "115",
pages = "340--355",
year = "1965"}

@inproceedings{Sta06,
author = "Daniel Stamate",
title = "Quantitative datalog semantics for databases with uncertain
information",
editors = "A. Di Pierro and H. Wiklicky",
booktitle = "Proceedings of the 4th Workshop on Quantitative Aspects of
Programming Languages",
series = "ENTCS",
year = "2006",
publisher = "Elsevier"}

@book{SvL08,
title = "Human Reasoning and Cognitive Science",
author = "K.~Stenning and M.~van~Lambalgen",
year = "2008",
publisher = "MIT Press"}

@book{SS86,
author = "Leon Sterling and Ehud Shapiro",
title = "The art of Prolog",
publisher = "MIT Press",
year = "1986"}

@article{Sto89,
author = "A.~Stolcke",
title = "Unification as Constraint Satisfaction in Structured Connectionist Networks",
year = "1989",
volume = "1",
number = "4",
pages = "558--566",
journal = "Neural Computation"}

@inproceedings{Straccia05b,
address = "Barcelona, Spain",
author = "Straccia, Umberto",
booktitle = "8th European Conference on Symbolic and Quantitative Approaches
to Reasoning with Uncertainty
(ECSQARU-05)",
pages = "687--700",
publisher = "Springer Verlag",
series = "LNCS",
title = "Query Answering in Normal Logic Programs under Uncertainty",
year = "2005"}

@article{sun92,
author = "R.~Sun",
title = "On Variable Binding in Connectionist Networks",
journal = "Connection Science",
volume = "4",
issue = "2",
year = "1992",
pages = "93 - 124"}

@article{Swift99,
author = "Terrance Swift",
title = "Tabling for Non-Monotonic Programming",
journal = "Annals of Mathematics and Artificial Intelligence",
volume = "25",
number = "3-4",
pages = "201--240",
year = "1999"}

@article{Tarski55,
author = "A. Tarski",
title = "A Lattice-theoretical Fixpoint Theorem and Its Applications",
journal = "Pacific J. Math.",
volume = "5",
year = "1955",
pages = "285--309"}

@book{Terese,
author = "Terese",
title = "Term Rewriting Systems",
publisher = "Cambridge University Press",
year = "2003"}

@techreport{TC97,
author = "A.~P.~Thomas and E.~Contejean",
title = "On {D}iophantine systems coming from {AC}-unification of higher-order patterns: exploiting symmetries",
year = "1997",
institution = "University of Porto"}

@article{TS94,
author = "G.G.~Towell and J.W.~Slavik",
title = "Knowledge-Based Artificial Neural Networks",
journal = "Artificial Intelligence",
volume = "70",
number = "1--2",
pages = "119--165",
year = "1994"}

@inproceedings{TsivtsivadzeUGH11,
  author    = {E. Tsivtsivadze and
               J. Urban and
               H. Geuvers and
               T. Heskes},
  title     = {Semantic Graph Kernels for Automated Reasoning},
  year      = {2011},
  pages     = {795-803},
  booktitle     = {SIAM Conference on Data Mining (SDM'11)},
  publisher = {SIAM / Omnipress},
   ee        = {http://siam.omnibooksonline.com/2011datamining/data/papers/231.pdf\#page=1},
  }


@book{Turing,
author = "Alan Turing",
title = "Collected Works: Mathematical Logic",
editors = "R.~O.~Gandy and C.E.M.~Yates",
year = "2001",
publisher = "North-Holland"}

@inproceedings{TuriP97,
  author    = {D.~Turi and
               G.D.~Plotkin},
  title     = {Towards a Mathematical Operational Semantics},
  booktitle = {LICS},
  year      = {1997},
  pages     = {280-291}}

@article{UllmanG88,
  author    = {Jeffrey D. Ullman and
               Allen Van Gelder},
  title     = {Parallel Complexity of Logical Query Programs},
  journal   = {Algorithmica},
  volume    = {3},
  year      = {1988},
  pages     = {5-42}}


@inproceedings{UrbanSPV08,
  author    = {J. Urban and others},
  title     = {{MaLARea SG1- Machine Learner for Automated Reasoning with Semantic Guidance}},
  booktitle = {IJCAR'08},
  year      = {2008},
  pages     = {441--456},
  volume = {5195},
  series    = {LNCS},
    doi = {10.1007/978-3-540-71070-7\_37}}


@inproceedings{K13,
  author    = {D. K\"uhlwein and others},
  title     = {{MaSh: Machine Learning for Sledgehammer}},
  booktitle = {ITP'13},
  series    =  {LNCS},
  year      = {2013},
  volume = {7998},
  pages = {35--50}}



@article{Val79,
author = "L. G. Valiant",
title = "The Complexity of Enumeration and Reliability Problems",
journal = "SIAM Journal of Computing",
volume = "8",
number = "3",
year = "1979"}

@article{vEmdK76,
author = "M. van Emden and R. Kowalski",
title = "The Semantics of Predicate Logic as a Programming Language",
journal = "Journal of the Assoc. for Comp. Mach.",
volume = "23",
year = "1976",
pages = "733--742"}

@article{vEmd86,
author = "M. van Emden",
title = "Quantitative Deduction and Fixpoint Theory",
journal = "Journal of Logic Programming",
pages = "37--53",
volume = "3",
year = "1986"}

@inproceedings{VoPa96,
author = "Peter Vojt\'{a}s and Leonard Paul\'{i}k",
title = "Soundness and Completeness of Non-classical Extended SLD-resolution",
series = "Lecture notes in Computer Science",
volume = "1050",
pages = "289-301",
year = "1996",
publisher = "Springer",
editor = "Roy Dickhoff and H. Herre and P. Shroeder-Heister",
booktitle = "Extensions of Logic Programming, 5th International
Workshop ELP'96, Leipzig, Germany, March 28-30, 1996"}

@article{VN56,
author = "J.~Von Neumann",
title = "Probabilistic Logics and the Synthesis of Reliable Organisms from
Unreliable Components",
journal = "Automata Studies",
editor = "C.E.~Shannon and J.~McCarthy",
pages = "43--98",
publisher = "Princeton University Press, Princeton NY",
year = "1956"}

@article{VN51,
author = "J.~Von Neumann",
title = "The General and Logical Theory of Automata",
journal = "Cerebral Mechanisms and Behavior",
editor = "L.A.~Jeffress",
pages = "1--41",
year = "1951",
publisher = "Wiley, New York"}

@book{VN58,
author = "J.~Von Neumann",
title = "The Computer and The Brain",
year = "1958",
publisher = "Yale University Press"}


@techreport{War83,
author = "David H.D.~Warren",
title = "An Abstract {P}rolog Instruction Set",
number = "309",
institution = "SRI International",
address = "Menlo Park, CA",
year = "1983"}

@inproceedings{Wiklicky93,
  author    = {Herbert Wiklicky},
  title     = {On the Non-Existence of a Universal Learning Algorithm for
               Recurrent Neural Networks},
  booktitle = {NIPS},
  year      = {1993},
  pages     = {431-436}}


@inproceedings{Wick94,
author = "H.~Wiklicky", 
title = "The neural network loading problem is undecidable", 
booktitle = "Computational Learning Theory: EuroCOLT '93", 
volume = "53",
series = " IMA",
pages = "183-192", 
year = "1994",
publisher = "Oxford University Press"}

@book{Wil70,
author = "S. Willard",
title = "General Topology",
publisher = "Addison-Wesley",
year = "1970"}

@inproceedings{WN07,
author = "D.~Woods and T.~Neary",
title = "The Complexity of Small Universal {T}uring Machines",
year = "2007",
booktitle = "Proceedings of the International Conference Computability in
Europe (CiE'07)",
series = "LNCS",
note = "To appear"}


@book{Yabl03,
author = "S. V. Yablonsky",
title = "Introduction to Discrete Mathematics",
edition = "forth",
publisher = "Moscow",
year = "2003"}

@article{Zad65,
author = "L. A. Zadeh",
title = "Fuzzy Sets",
journal = "Information and Control",
volume = "8",
pages = "338-353",
year = "1965"}

@article{Zad92,
author = "L.A.~Zadeh",
title = "Interpolative Reasoning in Fuzzy Logic and Neural Network Theory",
journal = "Fuzzy Systems",
year = "1992",
pages = "1--20"}

@techreport{Zell95,
author = "A.~Zell and C.~Mamier and M.~Vogt and N.~Mache and R.~H{\"u}bner
and S.~D{\"o}ring and K.-W.~Hermann and T.~Soyez and M.~Schmatzl and
T.~Sommer and A.~Hatzigeorgionis and D.~Dossett and T.~Schreiner and B.~Kett
and G.~Clemente and J.~Wieland",
title = "{SNNS} ({S}tuttgart {N}eural {N}etwork {S}imulator): User manual.",
institution = "University of Stuttgart, Institute for Parallel and
Distributed High Performance Systems (IPVR)",
year = "1995",
number = "6",
note = "www.-ra.informatik.uni-tuebingen.de/SNNS"}

%UNILOG

@inproceedings{bgm93,
author = "M.~Baldoni and L.~Giordano and A.~Martelli",
title = "A multimodal logic to define modules in logic programming",
booktitle = "Proc. of the International Logic
  Programming Symposium, ILPS'93",
  editor = "D.Miller",
  pages = "473--487",
  year = "1993",
  publisher = "MIT Press"}

@incollection{dr02,
author = "J.~M. Dunn and G.~Restall",
title = "Relevance logic",
editor = "D.~Gabbay and F.~Guenther",
booktitle = "The Handbook of Philosophical Logic",
volume = "6",
pages = "1--136",
publisher = "Kluwer",
year = "2002"}

@article{hp94,
author = "J.~A. Harland and D.~J. Pym",
title = "A uniform proof-theoretic investigation of linear logic programming",
journal = "Journal of Logic and Computation",
volume = "4",
number = "2",
pages = "175--207",
year = "1994"}

@article{mil89,
author = "D.~Miller",
title = "A logical analysis of modules in logic programming",
journal = "Journal of Logic Programming",
volume = "6",
number = "1--2",
pages = "79--108",
year = "1989"}

@article{pop99,
author = "V.~M. Popov",
title = "On the logics related to {A}rruda's system {V1}",
journal = "Logic and Logical Philosophy",
volume = "7",
year = "1999"}

@inproceedings{pop05,
author = "V.~M. Popov",
title = "On a four-valued paranormal logic",
booktitle = "Proc. of IV All-Russian Philosophical Congress, Moscow State
  University",
year = "24--28 May, 2005",
note = "In Russian"}

@article{ps03,
author = "V.~M. Popov and G.~N. Shuklin",
title = "Intuitionistically admissible paranormal logic",
journal = "Logicheskiye Issledovaniya",
volume = "11",
pages = "243--246",
publisher = "Nauka, Moscow",
year = "2003",
note = "In Russian"}

@book{pra65,
author = "D.~Prawitz",
title = "Natural Deduction",
publisher = "Almqvist \& Wiksell, Uppsala",
year = "1965"}

\end{thebibliography}
