@inproceedings{conf/ipsn/NagpalSB03,
	added-at = "2011-07-05T00:00:00.000+0200",
	author = "Radhika Nagpal and Howard E. Shrobe and Jonathan Bachrach",
	booktitle = "{IPSN}",
	crossref = "conf/ipsn/2003",
	editor = "Feng Zhao and Leonidas J. Guibas",
	extraurl = "http://dx.doi.org/10.1007/3-540-36978-3\_22; http://www.bibsonomy.org/bibtex/23fec2d795f2eb43add3569d0c4736cdf/dblp",
	interhash = "ca4158f29f98e3fc16db00d2af2ebb93",
	intrahash = "3fec2d795f2eb43add3569d0c4736cdf",
	isbn = "3-540-02111-6",
	keywords = "dblp",
	localfile = "AIM-1666.pdf",
	pages = "333--348",
	publisher = "Springer",
	series = "{Lecture Notes in Computer Science}",
	title = "{Organizing a Global Coordinate System from Local Information on an Ad Hoc Sensor Network.}",
	url = "http://dblp.uni-trier.de/db/conf/ipsn/ipsn2003.html#NagpalSB03",
	volume = 2634,
	year = 2003
}

@inproceedings{conf/ifipTCS/Given-WilsonGJ10,
	added-at = "2010-12-21T00:00:00.000+0100",
	author = "Thomas Given-Wilson and Daniele Gorla and Barry Jay",
	booktitle = "{IFIP TCS}",
	crossref = "conf/ifipTCS/2010",
	editor = "Cristian S. Calude and Vladimiro Sassone",
	interhash = "6a850f170a4dae66e9c38a45c31ccc2e",
	intrahash = "2c51ee881d7cd69359711ec0a42d696a",
	isbn = "978-3-642-15239-9",
	keywords = "dblp",
	localfile = "cpc-long.pdf",
	pages = "244--258",
	publisher = "Springer",
	series = "{IFIP}",
	title = "{Concurrent Pattern Calculus.}",
	url = "http://dblp.uni-trier.de/db/conf/ifipTCS/ifipTCS2010.html#Given-WilsonGJ10; http://dx.doi.org/10.1007/978-3-642-15240-5\_18; http://www.bibsonomy.org/bibtex/22c51ee881d7cd69359711ec0a42d696a/dblp",
	volume = 323,
	year = 2010
}

@inproceedings{conf/sfp/BrownGM00,
	added-at = "2003-01-22T00:00:00.000+0100",
	author = "Deryck F. Brown and A. Beatriz Garmendia-Doval and John A. W. McCall",
	booktitle = "{Scottish Functional Programming Workshop}",
	crossref = "conf/sfp/2000",
	date = "2003-01-22",
	description = "dblp",
	editor = "Stephen Gilmore",
	interhash = "b828948d6987aeb3ff2603bb04b76050",
	intrahash = "586d25a2c3870fb76e7510a252cdc9e4",
	isbn = "1-84150-058-5",
	keywords = "dblp",
	localfile = "haskell_ga1.pdf",
	pages = "27--38",
	publisher = "Intellect",
	series = "{Trends in Functional Programming}",
	title = "{A functional framework for the implementation of genetic algorithms: Comparing Haskell and Standard ML.}",
	url = "http://dblp.uni-trier.de/db/conf/sfp/sfp2000.html#BrownGM00; http://www.bibsonomy.org/bibtex/2586d25a2c3870fb76e7510a252cdc9e4/dblp",
	volume = 2,
	year = 2000
}

@inproceedings{conf/aaai/VenessNHS10,
	added-at = "2010-09-01T00:00:00.000+0200",
	author = "Joel Veness and Kee Siong Ng and Marcus Hutter and David Silver",
	booktitle = "{AAAI}",
	crossref = "conf/aaai/2010",
	editor = "Maria Fox and David Poole",
	interhash = "77bc97d23d0829849e91b3e3bce91d9b",
	intrahash = "9c7c2e982f2e205ae4160ba6d5d61299",
	keywords = "dblp",
	localfile = "mcaixi_ctw.pdf",
	publisher = "AAAI Press",
	title = "{Reinforcement Learning via AIXI Approximation.}",
	url = "http://dblp.uni-trier.de/db/conf/aaai/aaai2010.html#VenessNHS10; http://www.aaai.org/ocs/index.php/AAAI/AAAI10/paper/view/1722; http://www.bibsonomy.org/bibtex/29c7c2e982f2e205ae4160ba6d5d61299/dblp",
	year = 2010
}

@inproceedings{conf/ecoop/BrachaABKMM10,
	added-at = "2010-07-21T15:58:26.000+0200",
	author = "Gilad Bracha and Peter von der Ah{\'e} and Vassili Bykov and Yaron Kashai and William Maddox and Eliot Miranda",
	booktitle = "{ECOOP}",
	crossref = "conf/ecoop/2010",
	date = "2010-07-01",
	editor = "Theo D'Hondt",
	interhash = "854e691223c68a76c19d9bb12e55be6b",
	intrahash = "f8ab9dadfc7ed3d4c63ae0cf33c95604",
	isbn = "978-3-642-14106-5",
	keywords = "dblp",
	localfile = "newspeak-modules.pdf",
	pages = "405--428",
	publisher = "Springer",
	series = "{Lecture Notes in Computer Science}",
	title = "{Modules as Objects in Newspeak.}",
	url = "http://dblp.uni-trier.de/db/conf/ecoop/ecoop2010.html#BrachaABKMM10; http://dx.doi.org/10.1007/978-3-642-14107-2\_20; http://www.bibsonomy.org/bibtex/2f8ab9dadfc7ed3d4c63ae0cf33c95604/dblp",
	volume = 6183,
	year = 2010
}

@inproceedings{conf/pldi/YangCER11,
	added-at = "2011-06-07T00:00:00.000+0200",
	author = "Xuejun Yang and Yang Chen and Eric Eide and John Regehr",
	booktitle = "{PLDI}",
	crossref = "conf/pldi/2011",
	editor = "Mary W. Hall and David A. Padua",
	interhash = "43de651c497fc58c0149a33117bc7453",
	intrahash = "3b975b351e0434f8dd51a289185e806e",
	isbn = "978-1-4503-0663-8",
	keywords = "dblp",
	localfile = "pldi11-preprint.pdf",
	pages = "283--294",
	publisher = "ACM",
	title = "{Finding and understanding bugs in C compilers.}",
	url = "http://dblp.uni-trier.de/db/conf/pldi/pldi2011.html#YangCER11; http://doi.acm.org/10.1145/1993498.1993532; http://www.bibsonomy.org/bibtex/23b975b351e0434f8dd51a289185e806e/dblp",
	year = 2011
}

@inproceedings{conf/csl/Levy02,
	added-at = "2011-07-04T00:00:00.000+0200",
	author = "Paul Blain Levy",
	booktitle = "{CSL}",
	crossref = "conf/csl/2002",
	editor = "Julian C. Bradfield",
	interhash = "a04fe964594cf28da4bdc525f063f07f",
	intrahash = "db7cf49f7ae356dd21754d613df1252b",
	isbn = "3-540-44240-5",
	keywords = "dblp",
	localfile = "storagecbv.ps",
	pages = "232--246",
	publisher = "Springer",
	series = "{Lecture Notes in Computer Science}",
	title = "{Possible World Semantics for General Storage in Call-By-Value.}",
	url = "http://dblp.uni-trier.de/db/conf/csl/csl2002.html#Levy02; http://dx.doi.org/10.1007/3-540-45793-3\_16; http://www.bibsonomy.org/bibtex/2db7cf49f7ae356dd21754d613df1252b/dblp",
	volume = 2471,
	year = 2002
}

@inproceedings{conf/afp/HudakCNP02,
	added-at = "2011-07-05T00:00:00.000+0200",
	author = "Paul Hudak and Antony Courtney and Henrik Nilsson and John Peterson",
	booktitle = "{Advanced Functional Programming}",
	crossref = "conf/afp/2002",
	editor = "Johan Jeuring and Simon L. Peyton Jones",
	interhash = "81fc5e0ac08ca9c8e8d0a249a832ac7a",
	intrahash = "9ef55e8aa89e08c24731bc8f55b4b654",
	isbn = "3-540-40132-6",
	keywords = "dblp",
	localfile = "10.1.1.5.2886.pdf",
	pages = "159--187",
	publisher = "Springer",
	series = "{Lecture Notes in Computer Science}",
	title = "{Arrows, Robots, and Functional Reactive Programming.}",
	url = "http://dblp.uni-trier.de/db/conf/afp/afp2002.html#HudakCNP02; http://dx.doi.org/10.1007/978-3-540-44833-4\_6; http://www.bibsonomy.org/bibtex/29ef55e8aa89e08c24731bc8f55b4b654/dblp",
	volume = 2638,
	year = 2002
}

@inproceedings{conf/lpar/BonichonDD07,
	abstract = "dblp",
	added-at = "2007-10-19T00:00:00.000+0200",
	author = "Richard Bonichon and David Delahaye and Damien Doligez",
	booktitle = "{LPAR}",
	crossref = "conf/lpar/2007",
	date = "2007-10-19",
	editor = "Nachum Dershowitz and Andrei Voronkov",
	interhash = "af3ee431fb84723cb003cf2fd1b28044",
	intrahash = "5515353353bc9c80d1a5a2518035fdae",
	isbn = "978-3-540-75558-6",
	keywords = "dblp",
	localfile = "bonichon-delahaye-doligez-lpar-2007.pdf",
	pages = "151--165",
	publisher = "Springer",
	series = "{Lecture Notes in Computer Science}",
	title = "{Zenon : An Extensible Automated Theorem Prover Producing Checkable Proofs.}",
	url = "http://dblp.uni-trier.de/db/conf/lpar/lpar2007.html#BonichonDD07; http://dx.doi.org/10.1007/978-3-540-75560-9\_13; http://www.bibsonomy.org/bibtex/25515353353bc9c80d1a5a2518035fdae/dblp",
	volume = 4790,
	x-fetchedfrom = "Bibsonomy",
	year = 2007
}

@inproceedings{conf/lpar/Delahaye00,
	abstract = "dblp",
	added-at = "2002-07-03T00:00:00.000+0200",
	author = "David Delahaye",
	booktitle = "{LPAR}",
	crossref = "conf/lpar/2000",
	date = "2002-07-03",
	editor = "Michel Parigot and Andrei Voronkov",
	interhash = "aa1bdc4b949e03a7282368ae60c50c26",
	intrahash = "028624d95614b043116899dc97718f42",
	keywords = "dblp",
	localfile = "ltac (LPAR'00).pdf",
	pages = "85--95",
	publisher = "Springer",
	series = "{Lecture Notes in Computer Science}",
	title = "{A Tactic Language for the System Coq.}",
	url = "http://dblp.uni-trier.de/db/conf/lpar/lpar2000.html#Delahaye00; http://link.springer.de/link/service/series/0558/bibs/1955/19550085.htm; http://www.bibsonomy.org/bibtex/2028624d95614b043116899dc97718f42/dblp",
	volume = 1955,
	x-fetchedfrom = "Bibsonomy",
	year = 2000
}

@inproceedings{journals/corr/abs-1212-3618,
	added-at = "2013-10-25T00:00:00.000+0200",
	author = "Ekaterina Komendantskaya and J{\'o}nathan Heras and Gudmund Grov",
	booktitle = "{UITP}",
	crossref = "journals/corr/KaliszykL13",
	editor = "Cezary Kaliszyk and Christoph L{\"u}th",
	interhash = "21cac28fbf4a211c9743339cb14c4749",
	intrahash = "f071080b20c49d85f318140d29eaab76",
	keywords = "dblp",
	localfile = "Machine Learning in Proof General - Interfacing Interfaces.pdf",
	pages = "15--41",
	series = "{EPTCS}",
	title = "{Machine Learning in Proof General: Interfacing Interfaces}",
	url = "http://dblp.uni-trier.de/db/series/eptcs/eptcs118.html#abs-1212-3618; http://dx.doi.org/10.4204/EPTCS.118.2; http://www.bibsonomy.org/bibtex/2f071080b20c49d85f318140d29eaab76/dblp",
	volume = 118,
	x-fetchedfrom = "Bibsonomy",
	year = 2013
}

@inproceedings{conf/ijcai/Fuchs99,
	added-at = "2002-01-03T00:00:00.000+0100",
	author = "Marc Fuchs",
	biburl = "http://www.bibsonomy.org/bibtex/20b91a75dcb9c9f8a5bc1ee8724bd4ddc/dblp",
	booktitle = "{IJCAI}",
	crossref = "conf/ijcai/99",
	editor = "Thomas Dean",
	interhash = "d8b78d5deb326ce37f9b2db89db05bed",
	intrahash = "0b91a75dcb9c9f8a5bc1ee8724bd4ddc",
	isbn = "1-55860-613-0",
	keywords = "dblp",
	localfile = "001.pdf",
	pages = "4--9",
	publisher = "Morgan Kaufmann",
	title = "{Lemma Generation for Model Elimination by Combining Top-Down and Bottom-Up Inference.}",
	url = "http://dblp.uni-trier.de/db/conf/ijcai/ijcai99.html#Fuchs99",
	x-fetchedfrom = "Bibsonomy",
	year = 1999
}

@inproceedings{conf/ijcai/Plate91,
	added-at = "2012-05-15T00:00:00.000+0200",
	author = "Tony Plate",
	biburl = "http://www.bibsonomy.org/bibtex/2dd20c1bb75182babfc96505c6696992f/dblp",
	booktitle = "{IJCAI}",
	crossref = "conf/ijcai/1991",
	editor = "John Mylopoulos and Raymond Reiter",
	interhash = "2cc5d4e56a93a9f8055a546f5e4abaa0",
	intrahash = "dd20c1bb75182babfc96505c6696992f",
	isbn = "1-55860-160-0",
	keywords = "dblp",
	localfile = "006.pdf",
	pages = "30--35",
	publisher = "Morgan Kaufmann",
	title = "{Holographic Reduced Representations: Convolution Algebra for Compositional Distributed Representations.}",
	url = "http://dblp.uni-trier.de/db/conf/ijcai/ijcai91.html#Plate91",
	x-fetchedfrom = "Bibsonomy",
	year = 1991
}

@incollection{reference/complexity/Ilachinski09,
	added-at = "2011-11-25T00:00:00.000+0100",
	author = "Andrew Ilachinski",
	booktitle = "{Encyclopedia of Complexity and Systems Science}",
	crossref = "reference/complexity/2009",
	editor = "Robert A. Meyers",
	interhash = "2299a56805043ccd772b6a8d7daaa4ca",
	intrahash = "df31f9508c52913e709ef3ae053cce08",
	isbn = "978-0-387-75888-6",
	keywords = "dblp",
	localfile = "01-3-7.pdf",
	pages = "8815--8850",
	publisher = "Springer",
	title = "{Structurally Dynamic Cellular Automata.}",
	url = "http://dblp.uni-trier.de/db/reference/complexity/ecss2009.html#Ilachinski09; http://dx.doi.org/10.1007/978-0-387-30440-3_528; http://www.bibsonomy.org/bibtex/2df31f9508c52913e709ef3ae053cce08/dblp",
	x-fetchedfrom = "Bibsonomy",
	year = 2009
}

@inproceedings{conf/calco/BergerMSS11,
	added-at = "2015-09-18T00:00:00.000+0200",
	author = "Ulrich Berger and Kenji Miyamoto and Helmut Schwichtenberg and Monika Seisenberger",
	booktitle = "{CALCO}",
	crossref = "conf/calco/2011",
	editor = "Andrea Corradini and Bartek Klin and Corina C{\^i}rstea",
	interhash = "31473898ba9cf0ee52afc1a07dc3f792",
	intrahash = "6351d5661e2a277a6e288527ccc4ae92",
	isbn = "978-3-642-22943-5",
	keywords = "dblp",
	localfile = "CalcoToolsFinal.pdf",
	pages = "393--399",
	publisher = "Springer",
	series = "{Lecture Notes in Computer Science}",
	title = "{Minlog - A Tool for Program Extraction Supporting Algebras and Coalgebras.}",
	url = "http://dblp.uni-trier.de/db/conf/calco/calco2011.html#BergerMSS11; http://dx.doi.org/10.1007/978-3-642-22944-2_29; http://www.bibsonomy.org/bibtex/26351d5661e2a277a6e288527ccc4ae92/dblp",
	volume = 6859,
	x-fetchedfrom = "Bibsonomy",
	year = 2011
}

@article{adve2010memory,
	author = "S.V. Adve and H.J. Boehm",
	journal = "Communications of the ACM",
	number = "8",
	pages = "90--101",
	publisher = "ACM",
	title = "{Memory models: A case for rethinking parallel languages and hardware}",
	volume = "53",
	year = "2010"
}

@article{bickford2007extraction,
	author = "J. Bickford",
	journal = "NIAC Phase II Final Report, The Charles Stark Draper Laboratory, Inc",
	publisher = "Citeseer",
	title = "{Extraction of Antiparticles Concentrated in Planetary Magnetic Fields}",
	year = "2007"
}

@article{1106.0847v1,
	abstract = "Assuming that a particle and its antiparticle have the gravitational charge of the opposite sign, the physical vacuum may be considered as a fluid of virtual gravitational dipoles. Following this hypothesis, we present the first indications that dark matter may not exist and that the phenomena for which it was invoked might be explained by the gravitational polarization of the quantum vacuum by the known baryonic matter.",
	author = "Dragan Slavkov Hajdukovic",
	comment = "published = 2011-06-04T18:31:49Z, updated = 2011-06-04T18:31:49Z,",
	doi = "10.1007/s10509-011-0744-4",
	journal = "Astrophys.Space Sci.334:215-218,2011",
	localfile = "1106.0847.pdf",
	month = jun,
	title = "{Is dark matter an illusion created by the gravitational polarization of the quantum vacuum?}",
	url = "http://arxiv.org/abs/1106.0847v1; http://arxiv.org/pdf/1106.0847v1",
	year = "2011"
}

@article{nagpal2004catalog,
	author = "R. Nagpal",
	journal = "Engineering Self-Organising Systems",
	pages = "53--62",
	publisher = "Springer",
	title = "{A catalog of biologically-inspired primitives for engineering self-organization}",
	year = "2004"
}

@misc{nagpal2002robust,
	author = "R. Nagpal and G.J. Sussman",
	publisher = "MIT Artificial Intelligence Laboratory",
	title = "{Robust Engineering Using Biologically-Inspired Models of Cell Differentiation and Morphogenesis}",
	year = "2002"
}

@article{werfel2008three,
	author = "J. Werfel and R. Nagpal",
	journal = "The International Journal of Robotics Research",
	number = "3-4",
	pages = "463",
	publisher = "SAGE Publications",
	title = "{Three-dimensional construction with mobile robots and modular blocks}",
	volume = "27",
	year = "2008"
}

@book{nagpal2001programmable,
	author = "R. Nagpal and G.J. Sussman and H. Abelson",
	publisher = "Massachusetts Institute of Technology-Artificial Intelligence Laboratory",
	title = "{Programmable self-assembly: constructing global shape using biologically-inspired local interactions and origami mathematics}",
	year = "2001"
}

@inproceedings{Zhang2004,
	abstract = "Naive Bayes is one of the most efficient and effective inductive learning algorithms for machine learning and data mining. Its competitive performance in classification is surprising, because the conditional independence assumption on which it is based, is rarely true in realworld applications. An open question is: what is the true reason for the surprisingly good performance of naive Bayes in classification? In this paper, we propose a novel explanation on the superb classification performance of naive Bayes. We show that, essentially, the dependence distribution; i.e., how the local dependence of a node distributes in each class, evenly or unevenly, and how the local dependencies of all nodes work together, consistently (supporting a certain classification) or inconsistently (canceling each other out), plays a crucial role. Therefore, no matter how strong the dependences among attributes are, naive Bayes can still be optimal if the dependences distribute evenly in classes, or if the dependences cancel each other out. We propose and prove a sufficient and necessary conditions for the optimality of naive Bayes. Further, we investigate the optimality of naive Bayes under the Gaussian distribution. We present and prove a sufficient condition for the optimality of naive Bayes, in which the dependence between attributes do exist. This provides evidence that dependence among attributes may cancel out each other. In addition, we explore when naive Bayes works well.",
	added-at = "2011-03-27T19:35:34.000+0200",
	author = "Harry Zhang",
	booktitle = "{Proceedings of the Seventeenth International Florida Artificial Intelligence Research Society Conference (FLAIRS 2004)}",
	booktitleaddon = "May 17-19, 2004",
	editor = "Valerie Barr and Zdravko Markov",
	interhash = "a8e31b4197a90abcb0bdb2b93504acda",
	intrahash = "9288cd3adf6e5273ce7f8b74beb4c6e2",
	keywords = "bayesian; naive-bayes",
	localfile = "FLAIRS04ZhangH.pdf",
	owner = "CK",
	publisher = "AAAI Press",
	timestamp = "2008.11.22",
	title = "{The Optimality of Naive Bayes}",
	url = "http://www.bibsonomy.org/bibtex/29288cd3adf6e5273ce7f8b74beb4c6e2/cocus",
	venue = "Miami Beach, Florida, USA",
	year = 2004
}

@article{journals/corr/abs-cs-0606070,
	added-at = "2008-01-02T00:00:00.000+0100",
	author = "Shane Legg",
	date = "2008-01-02",
	description = "dblp",
	interhash = "e9c3380438bd92a18768f6d88e58bd59",
	intrahash = "d54a48d6274e3ea8fff0eaa5c830b696",
	journal = "CoRR",
	keywords = "dblp",
	localfile = "IDSIA-12-06.pdf",
	note = "informal publication",
	title = "{Is there an Elegant Universal Theory of Prediction?}",
	url = "http://dblp.uni-trier.de/db/journals/corr/corr0606.html#abs-cs-0606070; http://arxiv.org/abs/cs/0606070; http://www.bibsonomy.org/bibtex/2d54a48d6274e3ea8fff0eaa5c830b696/dblp",
	volume = "abs/cs/0606070",
	year = 2006
}

@article{journals/jflp/TongO01,
	added-at = "2002-01-15T00:00:00.000+0100",
	author = "Guanshan Tong and Michael J. O'Donnell",
	date = "2002-01-15",
	description = "dblp",
	interhash = "af3799201ec343837717a5d4a5ed15b7",
	intrahash = "de7611247211f974a7ab5c28d5431525",
	journal = "Journal of Functional and Logic Programming",
	keywords = "dblp",
	localfile = "JFLP-A2001-05.pdf",
	number = 5,
	title = "{Leveled Garbage Collection.}",
	url = "http://dblp.uni-trier.de/db/journals/jflp/jflp2001.html#TongO01; http://www.bibsonomy.org/bibtex/2de7611247211f974a7ab5c28d5431525/dblp",
	volume = 2001,
	year = 2001
}

@article{journals/tcs/Hines08,
	added-at = "2008-11-18T00:00:00.000+0100",
	author = "Peter Hines",
	date = "2008-11-18",
	description = "dblp",
	interhash = "6d09e5084318b5cda8a94c0908ceba58",
	intrahash = "103be11dfeab811ce1159b9cc85433fc",
	journal = "Theor. Comput. Sci.",
	keywords = "dblp",
	localfile = "MachineSemantics.pdf",
	number = 1,
	pages = "1--23",
	title = "{Machine semantics.}",
	url = "http://dblp.uni-trier.de/db/journals/tcs/tcs409.html#Hines08; http://dx.doi.org/10.1016/j.tcs.2008.07.015; http://www.bibsonomy.org/bibtex/2103be11dfeab811ce1159b9cc85433fc/dblp",
	volume = 409,
	year = 2008
}

@article{p157-landin,
	added-at = "2010-08-25T08:47:38.000+0200",
	address = "{New York, NY, USA}",
	author = "P. J. Landin",
	doi = "10.1145/365230.365257",
	interhash = "53cf5573448d4211417d82a5987d936a",
	intrahash = "3637914ed2d184955ccbbf61f685775c",
	issn = "{0001-0782}",
	journal = "{Commun. ACM}",
	keywords = "imported",
	localfile = "Next_700.pdf",
	number = "{3}",
	pages = "157--166",
	printed = "{Sem}",
	publisher = "{ACM}",
	title = "{The next 700 programming languages}",
	url = "http://www.bibsonomy.org/bibtex/23637914ed2d184955ccbbf61f685775c/miguel.pagano",
	volume = "{9}",
	year = "{1966}"
}

@article{allen2011self,
	author = "R. Allen",
	localfile = "SelfHandbook-Self4.4-R2.pdf",
	title = "{Self Handbook Documentation}",
	year = "2011"
}

@article{journals/corr/abs-cs-0701125,
	added-at = "2008-01-02T00:00:00.000+0100",
	author = "Marcus Hutter",
	date = "2008-01-02",
	description = "dblp",
	interhash = "968c141d2b5335db8827fb689b592983",
	intrahash = "38d1cf98c51857df031d7b49bfd9597e",
	journal = "CoRR",
	keywords = "dblp",
	localfile = "aixigentle.pdf",
	note = "informal publication",
	title = "{Universal Algorithmic Intelligence: A mathematical top->down approach}",
	url = "http://dblp.uni-trier.de/db/journals/corr/corr0701.html#abs-cs-0701125; http://arxiv.org/abs/cs/0701125; http://www.bibsonomy.org/bibtex/238d1cf98c51857df031d7b49bfd9597e/dblp",
	volume = "abs/cs/0701125",
	year = 2007
}

@inproceedings{shrofftype,
	author = "P. Shroff and S.F. Smith",
	booktitle = "{International Workshops on Foundations of Object-Oriented Languages}",
	localfile = "first-class_FOOL2004-ext_abs.pdf",
	title = "{Type Inference for First-Class Messages with Match-Functions}"
}

@article{dbjrspec,
	author = "Ted Kaehler",
	localfile = "m2011001_dbjr_spec.pdf",
	title = "{DynaBook Junior Specification}"
}

@inproceedings{McCarthy_Programs59,
	added-at = "2010-03-31T13:55:06.000+0200",
	address = "London",
	author = "John McCarthy",
	booktitle = "{Proceedings of the {T}eddington Conference on the Mechanization of Thought Processes}",
	interhash = "73597914e6cc614c92d8eedf4a1dab52",
	intrahash = "eec6b1b7b49a649b4d99d803d9daf975",
	keywords = "jabref:noKeywordAssigned",
	localfile = "mcc59.pdf",
	pages = "75--91",
	publisher = "Her Majesty's Stationary Office",
	title = "{Programs with Common Sense}",
	url = "http://www-formal.stanford.edu/jmc/mcc59.html; http://www.bibsonomy.org/bibtex/2eec6b1b7b49a649b4d99d803d9daf975/cbrewster",
	year = 1959
}

@techreport{Schmidhuber:03newai1,
	added-at = "2008-03-11T15:59:25.000+0100",
	author = "J. Schmidhuber",
	citeulike-article-id = "2509488",
	interhash = "3a04b5bdac6f48b4793b3cfe49c6ee8c",
	intrahash = "381bc4da6fb8fa485db339701514e601",
	keywords = "juergen",
	localfile = "newaiAGI.pdf",
	month = "February",
	priority = "2",
	title = "{The New {AI}: General \& Sound \& Relevant for Physics}",
	url = "http://www.bibsonomy.org/bibtex/2381bc4da6fb8fa485db339701514e601/idsia",
	year = 2003
}

@inproceedings{Hutter:01decision,
	added-at = "2008-03-11T14:52:34.000+0100",
	author = "M. Hutter",
	booktitle = "{Proc. 5th European Workshop on Reinforcement Learning (EWRL-5)}",
	citeulike-article-id = "2382184",
	interhash = "3bd5da49e20a20234e42509c0038a3c1",
	intrahash = "b6b01f644bf44596771229883de4f8b4",
	keywords = "agents; algorithmic; artificial; complexity; computational; decision; induction; intelligence; juergen; kolmogorov; learning; probability; rational; reinforcement; sequential; solomonoff; theory; universal",
	localfile = "pdecision.pdf",
	pages = "25--26",
	priority = "2",
	publisher = "Onderwijsinsituut CKI, Utrecht Univ.",
	title = "{Universal Sequential Decisions in Unknown Environments}",
	url = "http://www.hutter1.de/ai/pdecision.htm; http://www.bibsonomy.org/bibtex/2b6b01f644bf44596771229883de4f8b4/idsia",
	volume = 27,
	year = 2001
}

@article{langclaims,
	author = "Shane Markstrum",
	localfile = "plateau10-markstrum.pdf",
	title = "{Staking Claims: A History of Programming Language Design Claims and Evidence}"
}

@article{racketmacros,
	author = "Matthew Flatt and Ryan Culpepper and David Darais and Robert Bruce Findler",
	localfile = "racket-macros.pdf",
	title = "{Macros That Work Together}"
}

@phdthesis{smallturingmachines,
	author = "Turlough Neary",
	localfile = "tneary_Thesis.pdf",
	title = "{Small Universal Turing Machines}"
}

@inproceedings{conf/aaai/KollerMP97,
	added-at = "2002-01-03T00:00:00.000+0100",
	author = "Daphne Koller and David A. McAllester and Avi Pfeffer",
	booktitle = "{AAAI/IAAI}",
	date = "2002-01-03",
	description = "dblp",
	interhash = "34c3cdf84315bde6e06f6c982ba8b4fb",
	intrahash = "684261bc4c084b4a543943514d42d922",
	keywords = "dblp",
	localfile = "bayes.ps",
	pages = "740--747",
	title = "{Effective Bayesian Inference for Stochastic Programs.}",
	url = "http://dblp.uni-trier.de/db/conf/aaai/aaai97.html#KollerMP97; http://www.bibsonomy.org/bibtex/2684261bc4c084b4a543943514d42d922/dblp",
	year = 1997
}

@article{reinventquantum,
	author = "Saul Youssef",
	localfile = "mpl.ps",
	title = "{A Reformulation of Quantum Mechanics}"
}

@article{neuralrobot,
	author = "Cheng Shao and Juan Nie and Furong Gao",
	localfile = "010.pdf",
	title = "{A Robust Iterative Learning Control With Neural Networks for Robot}"
}

@inproceedings{conf/pldi/WanH00,
	added-at = "2002-12-09T00:00:00.000+0100",
	author = "Zhanyong Wan and Paul Hudak",
	booktitle = "{PLDI}",
	date = "2002-12-09",
	description = "dblp",
	interhash = "f5afb1dfcfd0c3d0ea57c20f893e2330",
	intrahash = "196097e0f3ac9eda5ebfe86e9063755a",
	keywords = "dblp",
	localfile = "10.1.1.23.360.pdf",
	pages = "242--252",
	title = "{Functional reactive programming from first principles.}",
	url = "http://dblp.uni-trier.de/db/conf/pldi/pldi2000.html#WanH00; http://doi.acm.org/10.1145/349299.349331; http://www.bibsonomy.org/bibtex/2196097e0f3ac9eda5ebfe86e9063755a/dblp",
	year = 2000
}

@article{o2003building,
	author = "C. O{\rq}Leary and M. Humphrys",
	journal = "Advances in Artificial Life",
	localfile = "109.pdf",
	pages = "839--846",
	publisher = "Springer",
	resources = "/home/chris/Documents/SocietyOfMind/",
	title = "{Building a hybrid Society of Mind using components from ten different authors}",
	year = "2003"
}

@article{10.1109/MC.2008.10,
	added-at = "2008-05-23T20:26:48.000+0200",
	address = "Los Alamitos, CA, USA",
	author = "David Harel",
	interhash = "bd9948c8d47bf38b0fcc0746903e3463",
	intrahash = "ee57be170069c0ebd90160e66c9b0d0a",
	issn = "0018-9162",
	journal = "Computer",
	keywords = "imported",
	localfile = "10.1.1.147.3837.pdf",
	number = 1,
	pages = "28--37",
	publisher = "IEEE Computer Society",
	title = "{Can Programming Be Liberated, Period?}",
	url = "http://www.bibsonomy.org/bibtex/2ee57be170069c0ebd90160e66c9b0d0a/roos",
	volume = 41,
	year = 2008
}

@article{journals/jfp/DybvigJS07,
	added-at = "2011-03-21T00:00:00.000+0100",
	author = "R. Kent Dybvig and Simon L. Peyton Jones and Amr Sabry",
	interhash = "ab4ebe6becc17428f6b1ec6441b2acf5",
	intrahash = "695a74810a47d7fd3382786b07b812f5",
	journal = "J. Funct. Program.",
	keywords = "dblp",
	localfile = "TR615.pdf",
	number = 6,
	pages = "687--730",
	title = "{A monadic framework for delimited continuations.}",
	url = "http://dblp.uni-trier.de/db/journals/jfp/jfp17.html#DybvigJS07; http://dx.doi.org/10.1017/S0956796807006259; http://www.bibsonomy.org/bibtex/2695a74810a47d7fd3382786b07b812f5/dblp",
	volume = 17,
	year = 2007
}

@inproceedings{smit2009comparing,
	author = "S.K. Smit and A.E. Eiben",
	booktitle = "{Evolutionary Computation, 2009. CEC'09. IEEE Congress on}",
	organization = "IEEE",
	pages = "399--406",
	title = "{Comparing parameter tuning methods for evolutionary algorithms}",
	year = "2009"
}

@article{cipra2000best,
	author = "B.A. Cipra",
	journal = "SIAM news",
	localfile = "637.pdf",
	number = "4",
	pages = "1--2",
	title = "{The best of the 20th century: Editors name top 10 algorithms}",
	volume = "33",
	year = "2000"
}

@misc{1104.4462v2,
	abstract = "While humanity has not yet observed any extraterrestrial intelligence (ETI), contact with ETI remains possible. Contact could occur through a broad range of scenarios that have varying consequences for humanity. However, many discussions of this question assume that contact will follow a particular scenario that derives from the hopes and fears of the author. In this paper, we analyze a broad range of contact scenarios in terms of whether contact with ETI would benefit or harm humanity. This type of broad analysis can help us prepare for actual contact with ETI even if the details of contact do not fully resemble any specific scenario.",
	author = "Seth D. Baum and Jacob D. Haqq-Misra and Shawn D. Domagal-Goldman",
	comment = "published = 2011-04-22T15:04:33Z, updated = 2011-04-22T15:04:33Z, 33 Pages, 1 Figure, PDF File",
	doi = "10.1016/j.actaastro.2010.10.012",
	journal = "Acta Astronautica (2011) 68:2114-2129",
	localfile = "L3897-1233TMP.pdf",
	month = aug,
	title = "{Would contact with extraterrestrials benefit or harm humanity? A scenario analysis}",
	url = "http://arxiv.org/abs/1104.4462v2; http://arxiv.org/pdf/1104.4462v2",
	year = "2011"
}

@book{books/daglib/0025248,
	added-at = "2011-07-01T00:00:00.000+0200",
	author = "Andrew P. Black and Mireille Ducass{\'e} and Oscar Nierstrasz and Damien Pollet",
	interhash = "1515d7f1f4f9d2c20b99be1d2e8370c5",
	intrahash = "c96730868b1925d2b35ce0e30ea03a45",
	isbn = "978-3-9523341-4-0",
	keywords = "dblp",
	localfile = "PBE1-2009-10-28.pdf",
	pages = "I--XII, 1--333",
	publisher = "Square Bracket Associates",
	title = "{Pharo by Example (Version 2010-02-01).}",
	url = "http://www.bibsonomy.org/bibtex/2c96730868b1925d2b35ce0e30ea03a45/dblp",
	year = 2010
}

@inproceedings{krishnaswami2011ultrametric,
	author = "N. Krishnaswami and N. Benton",
	booktitle = "{LICS. IEEE}",
	localfile = "frp-lics11.pdf",
	title = "{Ultrametric semantics of reactive programs}",
	year = "2011"
}

@book{Bro95,
	abstract = "Mythical Man-Month",
	added-at = "2010-01-29T15:03:54.000+0100",
	address = "Boston, MA",
	author = "Frederic P. Brooks",
	edition = "Anniversary",
	interhash = "f2b83ea707814a6cf9ea10fde3d57486",
	intrahash = "7acf7ff33969db3c83c890eeafd6f1da",
	keywords = "mythical\_man\_month",
	localfile = "mythical.pdf",
	publisher = "Addison-Wesley",
	title = "{The Mythical Man-Month}",
	url = "http://www.bibsonomy.org/bibtex/27acf7ff33969db3c83c890eeafd6f1da/wiljami74",
	x-fetchedfrom = "Bibsonomy",
	year = 1995
}

@article{journals/software/LarusBDDFPRV04,
	abstract = "dblp",
	added-at = "2004-10-26T00:00:00.000+0200",
	author = "James R. Larus and Thomas Ball and Manuvir Das and Robert DeLine and Manuel F{\"a}hndrich and Jonathan D. Pincus and Sriram K. Rajamani and Ramanathan Venkatapathy",
	date = "2004-10-26",
	interhash = "348662ec6fb9430cbe128ab4065b9d69",
	intrahash = "8b0bc1867320b4936c59401afa9ba286",
	journal = "IEEE Software",
	keywords = "dblp",
	localfile = "righting-software.pdf",
	number = 3,
	pages = "92--100",
	title = "{Righting Software.}",
	url = "http://dblp.uni-trier.de/db/journals/software/software21.html#LarusBDDFPRV04; http://csdl.computer.org/comp/mags/so/2004/03/s3092abs.htm; http://www.bibsonomy.org/bibtex/28b0bc1867320b4936c59401afa9ba286/dblp",
	volume = 21,
	x-fetchedfrom = "Bibsonomy",
	year = 2004
}

@inproceedings{conf/zum/CarringtonS94,
	abstract = "dblp",
	added-at = "2002-01-03T00:00:00.000+0100",
	author = "David A. Carrington and Phil Stocks",
	booktitle = "{Z User Workshop}",
	date = "2002-01-03",
	interhash = "9d884bc7dcb2fe35db87aafa9e16557a",
	intrahash = "ceb91209262bd811f4c0f80e6de71753",
	keywords = "dblp",
	localfile = "a_tale_of_two_paradigms_formal_methods_and_software_testing.pdf",
	pages = "51--68",
	title = "{A Tale of Two Paradigms: Formal Methods and Software Testing.}",
	url = "http://dblp.uni-trier.de/db/conf/zum/zum1994.html#CarringtonS94; http://www.bibsonomy.org/bibtex/2ceb91209262bd811f4c0f80e6de71753/dblp",
	x-fetchedfrom = "Bibsonomy",
	year = 1994
}

@article{hasselbring2006a,
	added-at = "2014-04-08T17:41:39.000+0200",
	author = "Wilhelm Hasselbring and Ralf H. Reussner",
	bdsk-url-1 = "http://sdqweb.ipd.uka.de/publications/pdfs/hasselbring2006a.pdf",
	interhash = "e4c8b435d0791357e7b0df4b1b808df5",
	intrahash = "489cd5540434737c0e4c07e114652ab2",
	journal = "IEEE Computer",
	keywords = "imported",
	localfile = "IEEEComputerTrustSoft2006.pdf",
	number = 4,
	pages = "91--92",
	title = "{{T}oward {T}rustworthy {S}oftware {S}ystems}",
	url = "http://sdqweb.ipd.uka.de/publications/pdfs/hasselbring2006a.pdf; http://www.bibsonomy.org/bibtex/2489cd5540434737c0e4c07e114652ab2/piotr.rygielski",
	volume = 30,
	x-fetchedfrom = "Bibsonomy",
	year = 2006
}

@article{eustrategy,
	localfile = "European_Software_Strategy.pdf",
	title = "{Towards a European Software Strategy}"
}

@article{nationalstudy,
	localfile = "NSS2FinalReport04-29-05PDF.pdf",
	title = "{Software 2015: A National Software Strategy to Ensure U.S. Security and Competitiveness}"
}

@article{truststudy,
	author = "James B. Michael and Jeffery M. Voas and Richard C. Linger",
	localfile = "Part 2-Workshop-Trustworthy-SW-2004.pdf",
	title = "{Proceedings of the Center for National Software Studies Workshop on Trustworthy Software}",
	year = "2004"
}

@article{journals/compsec/AbramsZ95,
	abstract = "dblp",
	added-at = "2006-03-08T00:00:00.000+0100",
	author = "Marshall D. Abrams and Marvin V. Zelkowitz",
	date = "2006-03-08",
	interhash = "0773a5e720270cd0e14e82196accb4ed",
	intrahash = "0ac882aa8679377031d84e6575467e92",
	journal = "Computers \& Security",
	keywords = "dblp",
	localfile = "abrams-zelkowitz-1995.pdf",
	number = 8,
	pages = "719--738",
	title = "{Striving for correctness.}",
	url = "http://dblp.uni-trier.de/db/journals/compsec/compsec14.html#AbramsZ95; http://dx.doi.org/10.1016/0167-4048(95)00022-4; http://www.bibsonomy.org/bibtex/20ac882aa8679377031d84e6575467e92/dblp",
	volume = 14,
	x-fetchedfrom = "Bibsonomy",
	year = 1995
}

@article{journals/corr/abs-1302-6421,
	added-at = "2013-03-01T00:00:00.000+0100",
	author = "J{\'o}nathan Heras and Ekaterina Komendantskaya",
	biburl = "http://www.bibsonomy.org/bibtex/21a5ca0f301b2e91e075267fe3c977cb1/dblp",
	ee = "http://arxiv.org/abs/1302.6421",
	interhash = "abf50a4c068f18c1a3eb8a3fb75f6ea5",
	intrahash = "1a5ca0f301b2e91e075267fe3c977cb1",
	journal = "CoRR",
	keywords = "dblp",
	localfile = "mpmic.pdf",
	title = "{ML4PG: proof-mining in Coq}",
	url = "http://dblp.uni-trier.de/db/journals/corr/corr1302.html#abs-1302-6421",
	volume = "abs/1302.6421",
	x-fetchedfrom = "Bibsonomy",
	year = 2013
}

@misc{1301.6039v4,
	abstract = "Development of Interactive Theorem Provers has led to the creation of big libraries and varied infrastructures for formal proofs. However, despite (or perhaps due to) their sophistication, the re-use of libraries by non-experts or across domains is a challenge. In this paper, we provide detailed case studies and evaluate the machine-learning tool ML4PG built to interactively data-mine the electronic libraries of proofs, and to provide user guidance on the basis of proof patterns found in the existing libraries.",
	archiveprefix = "arXiv",
	author = "J{\'o}nathan Heras and Ekaterina Komendantskaya",
	comment = "published = 2013-01-25T13:29:29Z, updated = 2014-03-07T12:30:49Z",
	eprint = "1301.6039v4",
	localfile = "Recycling proof patterns in Coq - Case studies.pdf",
	month = mar,
	primaryclass = "cs.AI",
	title = "{Recycling Proof Patterns in Coq: Case Studies}",
	url = "http://arxiv.org/abs/1301.6039v4; http://arxiv.org/pdf/1301.6039v4",
	x-fetchedfrom = "arXiv.org",
	year = "2014"
}

@book{thom:ttfp,
	added-at = "2006-07-21T16:19:58.000+0200",
	author = "Simon Thompson",
	interhash = "15b998402cc5b1c3bf7e9b47d740533d",
	intrahash = "0432ee6734ef37edca6d0422013b90c3",
	isbn = {"0-201-41667-0"},
	keywords = "functional type programming theory",
	localfile = "ttfp.pdf",
	publisher = "Addison-Wesley",
	title = "{Type Theory and Functional Programming}",
	url = "http://www.cs.kent.ac.uk/people/staff/sjt/TTFP; http://www.bibsonomy.org/bibtex/20432ee6734ef37edca6d0422013b90c3/mobileink",
	x-fetchedfrom = "Bibsonomy",
	year = 1991
}

@article{lott1990correctness,
	author = "Christopher M Lott",
	journal = "ACM SIGSOFT Software Engineering Notes",
	localfile = "1990-quality.pdf",
	number = "5",
	pages = "19--20",
	publisher = "ACM",
	title = "{Correctness is congruent with quality}",
	volume = "15",
	year = "1990"
}

@article{beck1999embracing,
	author = "Kent Beck",
	journal = "Computer",
	localfile = "x-prog.pdf",
	number = "10",
	pages = "70--77",
	publisher = "IEEE",
	title = "{Embracing change with extreme programming}",
	volume = "32",
	year = "1999"
}

@article{kaner1997impossibility,
	author = "Cem Kaner and others",
	journal = "Software QA",
	localfile = "impossible.pdf",
	number = "4",
	pages = "28",
	title = "{The impossibility of complete testing}",
	volume = "4",
	year = "1997"
}

@book{norell2007towards,
	author = "Ulf Norell",
	localfile = "agda.pdf",
	publisher = "Citeseer",
	title = "{Towards a practical programming language based on dependent type theory}",
	volume = "32",
	year = "2007"
}

@incollection{bove2009brief,
	author = "Ana Bove and Peter Dybjer and Ulf Norell",
	booktitle = "{Theorem Proving in Higher Order Logics}",
	localfile = "agda_tut.pdf",
	pages = "73--78",
	publisher = "Springer",
	title = "{A brief overview of Agda--a functional language with dependent types}",
	year = "2009"
}

@online{Isabelle/HOL,
	author = "Larry Paulson and Tobias Nipkow and Makarius Wenzel",
	title = "{http://www.cl.cam.ac.uk/research/hvg/Isabelle}",
	url = "http://www.cl.cam.ac.uk/research/hvg/Isabelle",
	urldate = "2014-09-10"
}

@article{journals/jar/Felty93,
	added-at = "2011-05-19T00:00:00.000+0200",
	author = "Amy P. Felty",
	interhash = "541015257d155cb91b5b65bc4de8e246",
	intrahash = "4a2b4070d9f87ab9ba17387cc04fc9f9",
	journal = "J. Autom. Reasoning",
	keywords = "dblp",
	localfile = "jar.ps",
	number = 1,
	pages = "41--81",
	title = "{Implementing Tactics and Tacticals in a Higher-Order Logic Programming Language.}",
	url = "http://dblp.uni-trier.de/db/journals/jar/jar11.html#Felty93; http://dx.doi.org/10.1007/BF00881900; http://www.bibsonomy.org/bibtex/24a2b4070d9f87ab9ba17387cc04fc9f9/dblp",
	volume = 11,
	x-fetchedfrom = "Bibsonomy",
	year = 1993
}

@article{journals/iandc/MengQP06,
	abstract = "dblp",
	added-at = "2007-02-13T00:00:00.000+0100",
	author = "Jia Meng and Claire Quigley and Lawrence C. Paulson",
	date = "2007-02-13",
	interhash = "64fb555f3b7f4b422c72d3dbdab9eec5",
	intrahash = "f2ca40aabe0024047490b1292da12500",
	journal = "Inf. Comput.",
	keywords = "dblp",
	localfile = "info-and-comp.pdf",
	number = 10,
	pages = "1575--1596",
	title = "{Automation for interactive proof: First prototype.}",
	url = "http://dblp.uni-trier.de/db/journals/iandc/iandc204.html#MengQP06; http://dx.doi.org/10.1016/j.ic.2005.05.010; http://www.bibsonomy.org/bibtex/2f2ca40aabe0024047490b1292da12500/dblp",
	volume = 204,
	x-fetchedfrom = "Bibsonomy",
	year = 2006
}

@article{journals/ijcsa/VilaltaGBS04,
	abstract = "dblp",
	added-at = "2007-10-30T00:00:00.000+0100",
	author = "Ricardo Vilalta and Christophe G. Giraud-Carrier and Pavel Brazdil and Carlos Soares",
	date = "2007-10-30",
	interhash = "dc05cb52d178619fc862ea8822455e82",
	intrahash = "e6ac83af51e6995c2be35cc9dab8a0fb",
	journal = "IJCSA",
	keywords = "dblp",
	localfile = "metala_a_meta_learning_architecture.pdf",
	number = 1,
	pages = "31--45",
	title = "{Using Meta-Learning to Support Data Mining.}",
	url = "http://dblp.uni-trier.de/db/journals/ijcsa/ijcsa1.html#VilaltaGBS04; http://www.tmrfindia.org/ijcsa/V1I13.pdf; http://www.bibsonomy.org/bibtex/2e6ac83af51e6995c2be35cc9dab8a0fb/dblp",
	volume = 1,
	x-fetchedfrom = "Bibsonomy",
	year = 2004
}

@article{DBLP:journals/jair/BellemareNVB13,
	author = "Marc G. Bellemare and Yavar Naddaf and Joel Veness and Michael Bowling",
	bibsource = "dblp computer science bibliography, http://dblp.org",
	biburl = "http://dblp.uni-trier.de/rec/bib/journals/jair/BellemareNVB13",
	doi = "10.1613/jair.3912",
	journal = "J. Artif. Intell. Res. {(JAIR)}",
	pages = "253--279",
	timestamp = "Tue, 23 Jul 2013 13:49:51 +0200",
	title = "{The Arcade Learning Environment: An Evaluation Platform for General Agents}",
	url = "http://dx.doi.org/10.1613/jair.3912",
	volume = "47",
	year = "2013"
}

@book{Russell:2003:AIM:773294,
	author = "Stuart J. Russell and Peter Norvig",
	edition = "2",
	isbn = "0137903952",
	publisher = "Pearson Education",
	title = "{Artificial Intelligence: A Modern Approach}",
	year = "2003"
}

@book{Sutton:1998:IRL:551283,
	address = "Cambridge, MA, USA",
	author = "Richard S. Sutton and Andrew G. Barto",
	edition = "1st",
	isbn = "0262193981",
	publisher = "MIT Press",
	title = "{Introduction to Reinforcement Learning}",
	year = "1998"
}

@article{samuel1960programming,
	author = "Arthur L Samuel",
	journal = "Advances in computers",
	pages = "165--192",
	publisher = "Elsevier",
	title = "{Programming computers to play games}",
	volume = "1",
	year = "1960"
}

@article{lee2009computational,
	author = "Chang-Shing Lee and Mei-Hui Wang and Guillaume Chaslot and J-B Hoock and Arpad Rimmel and F Teytaud and Shang-Rong Tsai and Shun-Chin Hsu and Tzung-Pei Hong",
	journal = "Computational Intelligence and AI in Games, IEEE Transactions on",
	number = "1",
	pages = "73--89",
	publisher = "IEEE",
	title = "{The computational intelligence of MoGo revealed in Taiwan's computer Go tournaments}",
	volume = "1",
	year = "2009"
}

@article{veness2011monte,
	author = "Joel Veness and Kee Siong Ng and Marcus Hutter and William Uther and David Silver",
	journal = "Journal of Artificial Intelligence Research",
	number = "1",
	pages = "95--142",
	title = "{A monte-carlo aixi approximation}",
	volume = "40",
	year = "2011"
}

@article{werbos1990backpropagation,
	author = "Paul J Werbos",
	journal = "Proceedings of the IEEE",
	number = "10",
	pages = "1550--1560",
	publisher = "IEEE",
	title = "{Backpropagation through time: what it does and how to do it}",
	volume = "78",
	year = "1990"
}

@article{zanzotto2012distributed,
	author = "Fabio Massimo Zanzotto and Lorenzo Dell'Arciprete",
	journal = "arXiv preprint arXiv:1206.4607",
	title = "{Distributed tree kernels}",
	year = "2012"
}

@inproceedings{plate1991holographic,
	author = "Tony Plate",
	booktitle = "{IJCAI}",
	organization = "Citeseer",
	pages = "30--35",
	title = "{Holographic Reduced Representations: Convolution Algebra for Compositional Distributed Representations.}",
	year = "1991"
}

@article{hochreiter1997long,
	author = "Sepp Hochreiter and J{\"u}rgen Schmidhuber",
	journal = "Neural computation",
	number = "8",
	pages = "1735--1780",
	publisher = "MIT Press",
	title = "{Long short-term memory}",
	volume = "9",
	year = "1997"
}

@article{DBLP:journals/corr/HerasK14a,
	author = "J{\'o}nathan Heras and Ekaterina Komendantskaya",
	bibsource = "dblp computer science bibliography, http://dblp.org",
	biburl = "http://dblp.uni-trier.de/rec/bib/journals/corr/HerasK14a",
	journal = "CoRR",
	localfile = "A note on using ML4PG in HoTT and its relation to Dependency graphs.pdf",
	timestamp = "Mon, 09 Aug 4461260 11:50:56 +",
	title = "{HoTT formalisation in Coq: Dependency Graphs {\textbackslash}{\&} {ML4PG}}",
	url = "http://arxiv.org/abs/1403.2531",
	volume = "abs/1403.2531",
	year = "2014"
}

@incollection{ML4GAlgebra,
	author = "J{\'o}nathan Heras and Ekaterina Komendantskaya",
	booktitle = "{Intelligent Computer Mathematics}",
	doi = "10.1007/978-3-642-39320-4_28",
	editor = "Jacques Carette and David Aspinall and Christoph Lange and Petr Sojka and Wol fgang Windsteiger",
	isbn = "978-3-642-39319-8",
	keywords = "ML4PG; Interactive Theorem Proving; Coq; SSReflect; Machine Learning; Clustering; CoqEAL",
	language = "English",
	localfile = "ML4PG in Computer Algebra Verification.pdf",
	pages = "354--358",
	publisher = "Springer Berlin Heidelberg",
	series = "{Lecture Notes in Computer Science}",
	title = "{ML4PG in Computer Algebra Verification}",
	url = "http://dx.doi.org/10.1007/978-3-642-39320-4\_28",
	volume = "7961",
	year = "2013"
}

@article{DBLP:journals/corr/HerasK14,
	author = "J{\'o}nathan Heras and Ekaterina Komendantskaya",
	bibsource = "dblp computer science bibliography, http://dblp.org",
	biburl = "http://dblp.uni-trier.de/rec/bib/journals/corr/HerasK14",
	journal = "CoRR",
	localfile = "Proof pattern search in Coq-SSReflect.pdf",
	timestamp = "Sat, 27 Aug 4440546 05:35:28 +Reflect",
	title = "{Proof Pattern Search in Coq/SSReflect}",
	url = "http://arxiv.org/abs/1402.0081",
	volume = "abs/1402.0081",
	year = "2014"
}

@article{DBLP:journals/corr/abs-1303-1419,
	author = "J{\'o}nathan Heras and Ekaterina Komendantskaya",
	bibsource = "dblp computer science bibliography, http://dblp.org",
	biburl = "http://dblp.uni-trier.de/rec/bib/journals/corr/abs-1303-1419",
	journal = "CoRR",
	localfile = "Statistical Proof Pattern Recognition - Automated or Interactive.pdf",
	timestamp = "Thu, 21 Oct 4456545 03:40:16 +",
	title = "{Statistical Proof Pattern Recognition: Automated or Interactive?}",
	url = "http://arxiv.org/abs/1303.1419",
	volume = "abs/1303.1419",
	year = "2013"
}

@techreport{Zilberstein93operationalrationality,
	author = "Shlomo Zilberstein",
	institution = "",
	localfile = "Zshort93.pdf",
	title = "{Operational Rationality through Compilation of Anytime Algorithms}",
	year = "1993"
}

@inproceedings{namolaru:inria-00551512,
	address = "Scottsdale, United States",
	author = "Mircea Namolaru and Albert Cohen and Grigori Fursin and Ayal Zaks and Ari Freund",
	booktitle = "{International Conference on Compilers Architectures and Synthesis for Embedded Systems (CASES'10)}",
	hal_id = "inria-00551512",
	hal_version = "v1",
	localfile = "ncfp2010.pdf",
	month = oct,
	title = "{Practical Aggregation of Semantical Program Properties for Machine Learning Based Optimization}",
	url = "https://hal.inria.fr/inria-00551512",
	year = "2010"
}

@inproceedings{Doyle83asociety,
	author = "Jon Doyle",
	booktitle = "{and virtual copies, Eighth International Joint Conference on Artificial Intelligence}",
	localfile = "som83.pdf",
	pages = "309--314",
	title = "{A Society of Mind - Multiple perspectives, reasoned. . .}",
	year = "1983"
}

@incollection{zilberstein1995approximate,
	author = "Shlomo Zilberstein and Stuart Russell",
	booktitle = "{Imprecise and Approximate Computation}",
	localfile = "ZRchapter95.pdf",
	pages = "43--62",
	publisher = "Springer",
	title = "{Approximate reasoning using anytime algorithms}",
	year = "1995"
}

@phdthesis{fielding2000architectural,
	author = "Roy Thomas Fielding",
	localfile = "Architectural Styles and the Design of Network-based Software Architectures.pdf",
	school = "University of California, Irvine",
	title = "{Architectural styles and the design of network-based software architectures}",
	year = "2000"
}

@incollection{claessen2013automating,
	author = "Koen Claessen and Moa Johansson and Dan Ros{\'e}n and Nicholas Smallbone",
	booktitle = "{Automated Deduction--CADE-24}",
	localfile = "hipspec-cade.pdf",
	pages = "392--406",
	publisher = "Springer",
	title = "{Automating inductive proofs using theory exploration}",
	year = "2013"
}

@inproceedings{Claessen_hipspec:automating,
	author = "Koen Claessen and Moa Johansson and Dan Ros{\'e}n and Nicholas Smallbone",
	booktitle = "{In Workshop on Automated Theory eXploration: ATX 2012}",
	localfile = "hipspec-atx.pdf",
	title = "{HipSpec: Automating inductive proofs of program properties}",
	year = ""
}

@incollection{Hipster,
	author = "Moa Johansson and Dan Ros{\'e}n and Nicholas Smallbone and Koen Claessen",
	booktitle = "{Intelligent Computer Mathematics}",
	doi = "10.1007/978-3-319-08434-3_9",
	editor = "StephenM. Watt and JamesH. Davenport and AlanP. Sexton and Petr Sojka and Josef Urban",
	isbn = "978-3-319-08433-6",
	language = "English",
	localfile = "Hipster-cicm-2014.pdf",
	pages = "108--122",
	publisher = "Springer International Publishing",
	series = "{Lecture Notes in Computer Science}",
	title = "{Hipster: Integrating Theory Exploration in a Proof Assistant}",
	url = "http://dx.doi.org/10.1007/978-3-319-08434-3\_9",
	volume = "8543",
	year = "2014"
}

@mastersthesis{rosen2012proving,
	author = "Dan Ros{\'e}n",
	localfile = "thesis-danr.pdf",
	school = "University of Gothenburg, Sweden",
	title = "{Proving equational Haskell properties using automated theorem provers}",
	year = "2012"
}

@incollection{QuickSpec,
	author = "Koen Claessen and Nicholas Smallbone and John Hughes",
	booktitle = "{Tests and Proofs}",
	doi = "10.1007/978-3-642-13977-2_3",
	editor = "Gordon Fraser and Angelo Gargantini",
	isbn = "978-3-642-13976-5",
	language = "English",
	localfile = "quickspec.pdf",
	pages = "6--21",
	publisher = "Springer Berlin Heidelberg",
	series = "{Lecture Notes in Computer Science}",
	title = "{QuickSpec: Guessing Formal Specifications Using Testing}",
	url = "http://dx.doi.org/10.1007/978-3-642-13977-2\_3",
	volume = "6143",
	year = "2010"
}

@inproceedings{le2013building,
	author = "Quoc V Le",
	booktitle = "{Acoustics, Speech and Signal Processing (ICASSP), 2013 IEEE International Conference on}",
	localfile = "unsupervised_icml2012.pdf",
	organization = "IEEE",
	pages = "8595--8598",
	title = "{Building high-level features using large scale unsupervised learning}",
	year = "2013"
}

@article{buchberger2000theory,
	author = "Bruno Buchberger",
	journal = "Analele Universitatii Din Timisoara, ser. Matematica-Informatica",
	localfile = "10.1.1.58.8900.pdf",
	number = "2",
	pages = "9--32",
	publisher = "Citeseer",
	title = "{Theory exploration with Theorema}",
	volume = "38",
	year = "2000"
}

@article{fearnley1996automated,
	author = "Desmond Fearnley-Sander",
	journal = "Psyche",
	localfile = "2339.pdf",
	pages = "28",
	title = "{Automated theorem proving and its prospects}",
	volume = "2",
	year = "1996"
}

@article{howard1995formulae,
	author = "William A Howard",
	localfile = "Howard80.pdf",
	title = "{The formulae-as-types notion of construction}",
	year = "1995"
}

@inproceedings{johansson2009isacosy,
	author = "Moa Johansson and Lucas Dixon and Alan Bundy",
	booktitle = "{Workshop on Automated Mathematical Theory Exploration (Automatheo)}",
	localfile = "Isacosy_Synthesis_of_Inductive_Theorems.pdf",
	title = "{Isacosy: Synthesis of inductive theorems}",
	year = "2009"
}

@article{voevodsky2013homotopy,
	author = "VA Voevodsky and others",
	journal = "Institute for Advanced Study (Princeton), The Univalent Foundations Program",
	localfile = "hott-online-611-ga1a258c.pdf",
	title = "{Homotopy Type Theory: Univalent Foundations of Mathematics}",
	year = "2013"
}

@incollection{kuhlwein2013mash,
	author = "Daniel K{\"u}hlwein and Jasmin Christian Blanchette and Cezary Kaliszyk and Josef Urban",
	booktitle = "{Interactive Theorem Proving}",
	localfile = "mash.pdf",
	pages = "35--50",
	publisher = "Springer",
	title = "{MaSh: Machine learning for sledgehammer}",
	year = "2013"
}

@incollection{kuhlwein2012overview,
	author = "Daniel K{\"u}hlwein and Twan van Laarhoven and Evgeni Tsivtsivadze and Josef Urban and Tom Heskes",
	booktitle = "{Automated Reasoning}",
	localfile = "10.1.1.353.1512.pdf",
	pages = "378--392",
	publisher = "Springer",
	title = "{Overview and evaluation of premise selection techniques for large theory mathematics}",
	year = "2012"
}

@article{lindley2014hasochism,
	author = "Sam Lindley and Conor McBride",
	journal = "ACM SIGPLAN Notices",
	localfile = "hasochism.pdf",
	number = "12",
	pages = "81--92",
	publisher = "ACM",
	title = "{Hasochism: the pleasure and pain of dependently typed Haskell programming}",
	volume = "48",
	year = "2014"
}

@inproceedings{abel2005verifying,
	author = "Andreas Abel and Marcin Benke and Ana Bove and John Hughes and Ulf Norell",
	booktitle = "{Proceedings of the 2005 ACM SIGPLAN workshop on Haskell}",
	localfile = "09e41510b748baf0bc000000.pdf",
	organization = "ACM",
	pages = "62--73",
	title = "{Verifying Haskell programs using constructive type theory}",
	year = "2005"
}

@article{claessen2011quickcheck,
	author = "Koen Claessen and John Hughes",
	journal = "Acm sigplan notices",
	localfile = "quick.pdf",
	number = "4",
	pages = "53--64",
	publisher = "ACM",
	title = "{QuickCheck: a lightweight tool for random testing of Haskell programs}",
	volume = "46",
	year = "2011"
}

@techreport{RISC1482,
	address = "Schloss Hagenberg, 4232 Hagenberg, Austria",
	annote = "1999-12-00-D",
	author = "Bruno Buchberger",
	institution = "Research Institute for Symbolic Computation (RISC), Johannes Kepler University Linz",
	keywords = "automatic reasoning",
	language = "english",
	length = "67",
	localfile = "1-s2.0-S1571066105806103-main.pdf",
	month = "July",
	note = "Also available as SFB Report No. 99-38, Johannes Kepler University Linz, Spezialforschungsbereich F013, December 1999",
	number = "99-46",
	sponsor = "SFB/FWF project F1302",
	title = "{Theory Exploration Versus Theorem Proving}",
	type = "RISC Report Series",
	year = "1999"
}

@book{alpaydin2014introduction,
	author = "Ethem Alpaydin",
	localfile = "Alpaydin2010_IntroductionToMl_2ed.pdf",
	publisher = "MIT press",
	title = "{Introduction to machine learning}",
	year = "2014"
}

@misc{graham2002plan,
	author = "Paul Graham",
	localfile = "spam.html",
	title = "{A plan for spam}",
	year = "2002"
}

@incollection{schaul2011coherence,
	author = "Tom Schaul and Leo Pape and Tobias Glasmachers and Vincent Graziano and J{\"u}rgen Schmidhuber",
	booktitle = "{Artificial General Intelligence}",
	localfile = "Artificial-General-Intelligence.pdf",
	pages = "21--30",
	publisher = "Springer",
	title = "{Coherence progress: a measure of interestingness based on fixed compressors}",
	year = "2011"
}

@article{geng2006interestingness,
	author = "Liqiang Geng and Howard J Hamilton",
	journal = "ACM Computing Surveys (CSUR)",
	localfile = "InterestingnessMeasures.pdf",
	number = "3",
	pages = "9",
	publisher = "ACM",
	title = "{Interestingness measures for data mining: A survey}",
	volume = "38",
	year = "2006"
}

@article{blum2011hybrid,
	author = "Christian Blum and Jakob Puchinger and G{\"u}nther R Raidl and Andrea Roli",
	journal = "Applied Soft Computing",
	localfile = "blum-11.pdf",
	number = "6",
	pages = "4135--4151",
	publisher = "Elsevier",
	title = "{Hybrid metaheuristics in combinatorial optimization: A survey}",
	volume = "11",
	year = "2011"
}

@misc{chlipala2011certified,
	author = "Adam Chlipala",
	publisher = "MIT Press New York",
	title = "{Certified programming with dependent types}",
	year = "2011"
}

@incollection{bulychev2010anti,
	author = "Peter E Bulychev and Egor V Kostylev and Vladimir A Zakharov",
	booktitle = "{Perspectives of Systems Informatics}",
	localfile = "psi2009.pdf",
	pages = "413--423",
	publisher = "Springer",
	title = "{Anti-unification algorithms and their applications in program analysis}",
	year = "2010"
}

@proceedings{journals/corr/KaliszykL13,
	bibsource = "dblp computer science bibliography, http://dblp.org",
	biburl = "http://dblp.uni-trier.de/rec/bib/journals/corr/KaliszykL13",
	doi = "10.4204/EPTCS.118",
	editor = "Cezary Kaliszyk and Christoph L{\"u}th",
	series = "{EPTCS}",
	timestamp = "Mon, 28 Oct 2013 16:56:55 +0100",
	title = "{Proceedings 10th International Workshop On User Interfaces for Theorem Provers, {UITP} 2012, Bremen, Germany, July 11th, 2012}",
	url = "http://dx.doi.org/10.4204/EPTCS.118",
	volume = "118",
	year = "2013"
}

@inproceedings{heras2013proof,
	author = "J{\'o}nathan Heras and Ekaterina Komendantskaya and Moa Johansson and Ewen Maclean",
	booktitle = "{Logic for Programming, Artificial Intelligence, and Reasoning}",
	organization = "Springer",
	pages = "389--406",
	title = "{Proof-pattern recognition and lemma discovery in ACL2}",
	year = "2013"
}

@inproceedings{buchberger2004algorithm,
	author = "Bruno Buchberger",
	booktitle = "{Artificial Intelligence and Symbolic Computation}",
	localfile = "2004-09-22-A.pdf",
	organization = "Springer",
	pages = "236--250",
	title = "{Algorithm-supported mathematical theory exploration: A personal view and strategy}",
	year = "2004"
}

@inproceedings{buchberger2000theorema,
	author = "Bruno Buchberger and Claudio Dupr{\'e} and Tudor Jebelean and Franz Kriftner and Koji Nakagawa and Daniela Vasaru and Wolfgang Windsteiger",
	booktitle = "{Proc. of Calculemus{\rq} 2000 Conference}",
	localfile = "2000-08-06-A.pdf",
	pages = "98--113",
	title = "{The Theorema project: A progress report}",
	year = "2000"
}

@inproceedings{pelleg2000x,
	author = "Dan Pelleg and Andrew W Moore and others",
	booktitle = "{ICML}",
	localfile = "Xmeans.pdf",
	pages = "727--734",
	title = "{X-means: Extending K-means with Efficient Estimation of the Number of Clusters.}",
	year = "2000"
}

@inproceedings{kiselyov2015freer,
	author = "Oleg Kiselyov and Hiromi Ishii",
	booktitle = "{Proceedings of the 8th ACM SIGPLAN Symposium on Haskell}",
	localfile = "more.pdf",
	organization = "ACM",
	pages = "94--105",
	title = "{Freer monads, more extensible effects}",
	year = "2015"
}

@inproceedings{arthur2007k,
	author = "David Arthur and Sergei Vassilvitskii",
	booktitle = "{Proceedings of the eighteenth annual ACM-SIAM symposium on Discrete algorithms}",
	localfile = "2006-13.pdf",
	organization = "Society for Industrial and Applied Mathematics",
	pages = "1027--1035",
	title = "{k-means++: The advantages of careful seeding}",
	year = "2007"
}

@article{bahmani2012scalable,
	author = "Bahman Bahmani and Benjamin Moseley and Andrea Vattani and Ravi Kumar and Sergei Vassilvitskii",
	journal = "Proceedings of the VLDB Endowment",
	localfile = "p622_bahmanbahmani_vldb2012.pdf",
	number = "7",
	pages = "622--633",
	publisher = "VLDB Endowment",
	title = "{Scalable k-means++}",
	volume = "5",
	year = "2012"
}

@inproceedings{spector2008genetic,
	author = "Lee Spector and David M Clark and Ian Lindsay and Bradford Barr and Jon Klein",
	booktitle = "{Proceedings of the 10th annual conference on Genetic and evolutionary computation}",
	localfile = "Spector-PAPER.pdf",
	organization = "ACM",
	pages = "1291--1298",
	title = "{Genetic programming for finite algebras}",
	year = "2008"
}

@inproceedings{bottou1994convergence,
	author = "Leon Bottou and Yoshua Bengio",
	booktitle = "{Advances in Neural Information Processing Systems 7,[NIPS Conference, Denver, Colorado, USA, 1994]}",
	localfile = "989-convergence-properties-of-the-k-means-algorithms.pdf",
	pages = "585--592",
	title = "{Convergence Properties of the K-Means Algorithms.}",
	year = "1994"
}

@incollection{fernando2013design,
	author = "Chrisantha Fernando and Vera Vasas and Alexander W Churchill",
	booktitle = "{Biomimetic and Biohybrid Systems}",
	localfile = "1303.7201.pdf",
	pages = "83--95",
	publisher = "Springer",
	title = "{Design for a darwinian brain: part 2. cognitive architecture}",
	year = "2013"
}

@article{warburtonscaling,
	author = "Chris Warburton and Ekaterina Komendantskaya",
	journal = "Proceedings of AI4FM 2015",
	localfile = "ML4HS.pdf",
	publisher = "Department of Computer Science, Heriot-Watt University",
	title = "{Scaling Automated Theory Exploration}",
	year = "2015"
}

@book{colton2012automated,
	author = "Simon Colton",
	publisher = "Springer Science \& Business Media",
	title = "{Automated theory formation in pure mathematics}",
	year = "2012"
}

@article{huet1973undecidability,
	author = "G{\'e}rard P Huet",
	journal = "Information and control",
	localfile = "1-s2.0-S001999587390301X-main.pdf",
	number = "3",
	pages = "257--267",
	publisher = "Elsevier",
	title = "{The undecidability of unification in third order logic}",
	volume = "22",
	year = "1973"
}

@article{boyer1994qed,
	author = "Robert Boyer and others",
	journal = "Automated Deduction--CADE",
	localfile = "wiedijk_2.pdf",
	pages = "238--251",
	title = "{The QED manifesto}",
	volume = "12",
	year = "1994"
}

@article{barendregt2005challenge,
	author = "Henk Barendregt and Freek Wiedijk",
	journal = "Philosophical Transactions of the Royal Society of London A: Mathematical, Physical and Engineering Sciences",
	localfile = "RSpaper.pdf",
	number = "1835",
	pages = "2351--2375",
	publisher = "The Royal Society",
	title = "{The challenge of computer mathematics}",
	volume = "363",
	year = "2005"
}

@book{nipkow2002isabelle,
	author = "Tobias Nipkow and Lawrence C Paulson and Markus Wenzel",
	publisher = "Springer Science \& Business Media",
	title = "{Isabelle/HOL: a proof assistant for higher-order logic}",
	volume = "2283",
	year = "2002"
}

@book{bertot2013interactive,
	author = "Yves Bertot and Pierre Cast{\'e}ran",
	publisher = "Springer Science \& Business Media",
	title = "{Interactive theorem proving and program development: Coq{\rq}Art: the calculus of inductive constructions}",
	year = "2013"
}

@article{wadler2015propositions,
	author = "Philip Wadler",
	journal = "Communications of the ACM",
	title = "{Propositions as types}",
	year = "2015"
}

@article{hales2015formal,
	author = "Thomas Hales and Mark Adams and Gertrud Bauer and Dat Tat Dang and John Harrison and Truong Le Hoang and Cezary Kaliszyk and Victor Magron and Sean McLaughlin and Thang Tat Nguyen and others",
	journal = "arXiv preprint arXiv:1501.02155",
	title = "{A formal proof of the Kepler conjecture}",
	year = "2015"
}

@article{meng2006automation,
	author = "Jia Meng and Claire Quigley and Lawrence C Paulson",
	journal = "Information and Computation",
	number = "10",
	pages = "1575--1596",
	publisher = "Elsevier",
	title = "{Automation for interactive proof: First prototype}",
	volume = "204",
	year = "2006"
}

@article{newell1956logic,
	author = "Allen Newell and Herbert Simon and others",
	journal = "Information Theory, IRE Transactions on",
	number = "3",
	pages = "61--79",
	publisher = "IEEE",
	title = "{The logic theory machine--A complex information processing system}",
	volume = "2",
	year = "1956"
}

@article{newell1958elements,
	author = "Allen Newell and John Calman Shaw and Herbert A Simon",
	journal = "Psychological review",
	number = "3",
	pages = "151",
	publisher = "American Psychological Association",
	title = "{Elements of a theory of human problem solving.}",
	volume = "65",
	year = "1958"
}

@article{lungarella2003developmental,
	author = "Max Lungarella and Giorgio Metta and Rolf Pfeifer and Giulio Sandini",
	journal = "Connection Science",
	localfile = "09540090310001655110.pdf",
	number = "4",
	pages = "151--190",
	publisher = "Taylor \& Francis",
	title = "{Developmental robotics: a survey}",
	volume = "15",
	year = "2003"
}

@article{anderson2003embodied,
	author = "Michael L Anderson",
	journal = "Artificial intelligence",
	localfile = "1-s2.0-S0004370203000547-main.pdf",
	number = "1",
	pages = "91--130",
	publisher = "Elsevier",
	title = "{Embodied cognition: A field guide}",
	volume = "149",
	year = "2003"
}

@article{colton1999automatic,
	author = "Simon Colton and Alan Bundy and Toby Walsh",
	localfile = "cbwijcai99.pdf",
	title = "{Automatic concept formation in pure mathematics}",
	year = "1999"
}

@article{colton2000notion,
	author = "Simon Colton and Alan Bundy and Toby Walsh",
	journal = "International Journal of Human-Computer Studies",
	localfile = "colton_ijhcs00.pdf",
	number = "3",
	pages = "351--375",
	publisher = "Elsevier",
	title = "{On the notion of interestingness in automated mathematical discovery}",
	volume = "53",
	year = "2000"
}

@inproceedings{auerbach2014online,
	author = "Joshua E Auerbach and Chrisantha Fernando and Dario Floreano",
	booktitle = "{Artificial Life 14: Proceedings of the Fourteenth International Conference on the Synthesis and Simulation of Living Systems}",
	localfile = "978-0-262-32621-6-ch076.pdf",
	number = "EPFL-CONF-200273",
	organization = "The MIT Press",
	pages = "465--472",
	title = "{Online extreme evolutionary learning machines}",
	year = "2014"
}

@article{anthony2014general,
	author = "Tiffany Anthony and Daniel Polani and Chrystopher L Nehaniv",
	journal = "Computational Intelligence and AI in Games, IEEE Transactions on",
	localfile = "906989.pdf",
	number = "1",
	pages = "1--17",
	publisher = "IEEE",
	title = "{General self-motivation and strategy identification: Case studies based on Sokoban and Pac-Man}",
	volume = "6",
	year = "2014"
}

@article{oudeyer2007intrinsic,
	author = "Pierre-Yves Oudeyer and Frederic Kaplan",
	journal = "Frontiers in neurorobotics",
	localfile = "fnbot-01-006.pdf",
	publisher = "Frontiers Research Foundation",
	title = "{What is intrinsic motivation? a typology of computational approaches}",
	volume = "1",
	year = "2007"
}

@inproceedings{marshall2004emergent,
	author = "J Marshall and Douglas Blank and Lisa Meeden",
	booktitle = "{Proceedings of the 3rd international conference on development and learning (ICDL 2004), Salk Institute, San Diego}",
	localfile = "blank.pdf",
	title = "{An emergent framework for self-motivation in developmental robotics}",
	volume = "10",
	year = "2004"
}

@article{lehman2011abandoning,
	author = "Joel Lehman and Kenneth O Stanley",
	journal = "Evolutionary computation",
	localfile = "lehman_ecj10.pdf",
	number = "2",
	pages = "189--223",
	publisher = "MIT Press",
	title = "{Abandoning objectives: Evolution through the search for novelty alone}",
	volume = "19",
	year = "2011"
}

@article{sareni1998fitness,
	author = "Bruno Sareni and Laurent Kr{\"a}henb{\"u}hl",
	journal = "Evolutionary Computation, IEEE Transactions on",
	localfile = "IEEE_EC_2-3_09-1998_0097_Fitness_sharing.pdf",
	number = "3",
	pages = "97--106",
	publisher = "IEEE",
	title = "{Fitness sharing and niching methods revisited}",
	volume = "2",
	year = "1998"
}

@article{goldberg1992massive,
	author = "David E Goldberg and Kalyanmoy Deb and Je rey Horn",
	journal = "Urbana",
	localfile = "10.1.1.48.8442.pdf",
	pages = "61801",
	publisher = "Citeseer",
	title = "{Massive multimodality, deception, and genetic algorithms}",
	volume = "51",
	year = "1992"
}

@article{goldberg1987simple,
	author = "David E Goldberg",
	journal = "Genetic algorithms and simulated annealing",
	pages = "88",
	title = "{Simple genetic algorithms and the minimal, deceptive problem}",
	volume = "74",
	year = "1987"
}

@article{back1997evolutionary,
	author = "Thomas B{\"a}ck and Ulrich Hammel and Hans-Paul Schwefel",
	journal = "Evolutionary computation, IEEE Transactions on",
	localfile = "evolutionary computation history.pdf",
	number = "1",
	pages = "3--17",
	publisher = "IEEE",
	title = "{Evolutionary computation: Comments on the history and current state}",
	volume = "1",
	year = "1997"
}

@book{banzhaf1998genetic,
	author = "Wolfgang Banzhaf and Peter Nordin and Robert E Keller and Frank D Francone",
	localfile = "Genetic Programming An Introduction On the Automatic Evolution of Computer Programs and its Applications - Morgan Kaufmann.pdf",
	publisher = "Morgan Kaufmann San Francisco",
	title = "{Genetic programming: an introduction}",
	volume = "1",
	year = "1998"
}

@article{baum2000evolution,
	author = "Eric B Baum and Igor Durdanovic",
	journal = "Neural Computation",
	localfile = "baum_nc00.pdf",
	number = "12",
	pages = "2743--2775",
	publisher = "MIT Press",
	title = "{Evolution of cooperative problem solving in an artificial economy}",
	volume = "12",
	year = "2000"
}

@article{schmidhuber2006developmental,
	author = "J{\"u}rgen Schmidhuber",
	journal = "Connection Science",
	localfile = "09540090600768658.pdf",
	number = "2",
	pages = "173--187",
	publisher = "Taylor \& Francis",
	title = "{Developmental robotics, optimal artificial curiosity, creativity, music, and the fine arts}",
	volume = "18",
	year = "2006"
}

@article{barendregt2001proof,
	author = "Henk Barendregt and Herman Geuvers",
	journal = "Handbook of automated reasoning",
	localfile = "barendregt01proofassistants.pdf",
	pages = "1149--1238",
	title = "{Proof-Assistants Using Dependent Type Systems.}",
	volume = "2",
	year = "2001"
}

@inproceedings{lenat1977automated,
	author = "Douglas B Lenat",
	booktitle = "{IJCAI}",
	localfile = "061.pdf",
	pages = "833--842",
	title = "{Automated Theory Formation in Mathematics.}",
	volume = "77",
	year = "1977"
}

@book{Pelikan2005HBOA,
	added-at = "2012-08-18T20:42:14.000+0200",
	author = "Martin Pelikan",
	biburl = "http://www.bibsonomy.org/bibtex/2937d186728ed26475324c7a14372e036/dalbem",
	groups = "public",
	interhash = "af76d3dd720efc612baf6e4e6d6464ec",
	intrahash = "937d186728ed26475324c7a14372e036",
	keywords = "",
	localfile = "0141.pdf",
	publisher = "Springer",
	series = "{Studies in Fuzziness and Soft Computing}",
	title = "{Hierarchical Bayesian Optimization Algorithm: Toward a New Generation of Evolutionary Algorithms}",
	username = "dalbem",
	x-fetchedfrom = "Bibsonomy",
	year = 2005
}

@article{journals/corr/cs-DM-0408028,
	added-at = "2011-12-05T00:00:00.000+0100",
	author = "Joel Friedman and Jean-Pierre Tillich",
	interhash = "54229e0e04f9a57f1d25b1066e98e2b1",
	intrahash = "5894b119edd51384920935345e3ec483",
	journal = "CoRR",
	keywords = "dblp",
	localfile = "0408028v1.pdf",
	title = "{Calculus on Graphs}",
	url = "http://dblp.uni-trier.de/db/journals/corr/corr0408.html#cs-DM-0408028; http://arxiv.org/abs/cs.DM/0408028; http://www.bibsonomy.org/bibtex/25894b119edd51384920935345e3ec483/dblp",
	volume = "cs.DM/0408028",
	x-fetchedfrom = "Bibsonomy",
	year = 2004
}

@article{journals/cacm/Domingos12,
	added-at = "2015-05-07T00:00:00.000+0200",
	author = "Pedro M. Domingos",
	interhash = "28f49d94d3029e886460cde63094e482",
	intrahash = "5ef0b7eda54e28c0f14eabc15925aecf",
	journal = "Commun. ACM",
	keywords = "dblp",
	localfile = "cacm12.pdf",
	number = 10,
	pages = "78--87",
	title = "{A few useful things to know about machine learning.}",
	url = "http://dblp.uni-trier.de/db/journals/cacm/cacm55.html#Domingos12; http://doi.acm.org/10.1145/2347736.2347755; http://www.bibsonomy.org/bibtex/25ef0b7eda54e28c0f14eabc15925aecf/dblp",
	volume = 55,
	x-fetchedfrom = "Bibsonomy",
	year = 2012
}

@ARTICLE{Austin2010,
  author = {Austin, Evan and Alexander, Perry},
  title = {Haskhol: A haskell hosted domain specific language representation
	of hol light},
  journal = {Trends in Functional Programming Draft Proceedings},
  year = {2010},
  localfile = "00b4952af7d748e235000000.pdf"
}

@INCOLLECTION{Barbanera1993,
  author = {Barbanera, Franco and Berardi, Stefano},
  title = {Extracting constructive content from classical logic via control-like
	reductions},
  booktitle = {Typed Lambda Calculi and Applications},
  publisher = {Springer},
  year = {1993},
  pages = {45--59},
  localfile ="10.1.1.120.386.pdf"
}

@INCOLLECTION{Barto2013,
  author = {Barto, Andrew G},
  title = {Intrinsic motivation and reinforcement learning},
  booktitle = {Intrinsically motivated learning in natural and artificial systems},
  publisher = {Springer},
  year = {2013},
  pages = {17--47},
  localfile ="10.1.1.362.6440.pdf"
}

@INPROCEEDINGS{Bonarini2006,
  author = {Bonarini, Andread and Lazaric, Alessandro and Restelli, Marcello
	and Vitali, Patrick},
  title = {Self-development framework for reinforcement learning agents},
  booktitle = {Proceedings of the Fifth International Conference on Development
	and Learning},
  year = {2006},
  volume = {178},
  pages = {355--362},
  organization = {Citeseer},
  localfile ="10.1.1.118.4016.pdf"
}

@INPROCEEDINGS{Brady2006,
  author = {Brady, Edwin and Hammond, Kevin},
  title = {Dependently typed meta-programming},
  booktitle = {Proc. of 7th Symposium on Trends in Functional Programming},
  year = {2006},
  organization = {Citeseer},
  localfile ="10.1.1.106.7073.pdf"
}

@INCOLLECTION{Brassel2011,
  author = {Bra{\ss}el, Bernd and Fischer, Sebastian and Hanus, Michael and Reck,
	Fabian},
  title = {Transforming functional logic programs into monadic functional programs},
  booktitle = {Functional and Constraint Logic Programming},
  publisher = {Springer},
  year = {2011},
  pages = {30--47},
  localfile ="10.1.1.157.4578.pdf"
}

@INPROCEEDINGS{Franz1994,
  author = {Franz, Michael},
  title = {Compiler Optimizations Should Pay for Themselves},
  booktitle = {Proceedings of the Joint Modular Languages Conference},
  year = {1994},
  pages = {111--121},
  organization = {Citeseer},
  localfile ="10.1.1.39.9965.pdf"
}

@INPROCEEDINGS{Fuchs1997,
  author = {Fuchs, Marc},
  title = {Similarity-Based Lemma Generation for Model Elimination},
  booktitle = {Proc. Int. Workshop on First-Order Theorem Proving (FTP'97)},
  year = {1997},
  pages = {63--67},
  organization = {Citeseer},
  localfile ="10.1.1.36.646.pdf"
}

@ARTICLE{Goeman1990,
  author = {Goeman, Henk},
  title = {Towards a theory of (self) applicative communicating processes: a
	short note},
  journal = {Information processing letters},
  year = {1990},
  volume = {34},
  pages = {139--142},
  number = {3},
  localfile ="10.1.1.55.8907.pdf",
  publisher = {Elsevier}
}

@ARTICLE{Goldberg1992,
  author = {Goldberg, David E and Deb, Kalyanmoy and rey Horn, Je},
  title = {Massive multimodality, deception, and genetic algorithms},
  journal = {Urbana},
  year = {1992},
  volume = {51},
  pages = {61801},
  localfile ="10.1.1.48.8442.pdf",
  publisher = {Citeseer}
}

@ARTICLE{Gartner2003,
  author = {G{\"a}rtner, Thomas},
  title = {A survey of kernels for structured data},
  journal = {ACM SIGKDD Explorations Newsletter},
  year = {2003},
  volume = {5},
  pages = {49--58},
  number = {1},
  localfile ="10.1.1.115.5487.pdf",
  publisher = {ACM}
}

@INPROCEEDINGS{Howe1989,
  author = {Howe, Douglas J},
  title = {Equality in lazy computation systems},
  booktitle = {Logic in Computer Science, 1989. LICS'89, Proceedings., Fourth Annual
	Symposium on},
  year = {1989},
  pages = {198--203},
  organization = {IEEE},
  localfile ="10.1.1.21.9148.pdf"
}

@ARTICLE{Hutter2011,
  author = {Hutter, Marcus},
  title = {The subjective computable universe},
  journal = {A Computable Universe: Understanding and Exploring Nature as Computation},
  year = {2011},
  pages = {399--416},
  localfile ="10.1.1.303.6689.pdf",
  publisher = {World Scientific}
}

@ARTICLE{Hutter2009,
  author = {Hutter, Marcus},
  title = {Feature reinforcement learning: Part I. unstructured MDPs},
  journal = {Journal of Artificial General Intelligence},
  year = {2009},
  volume = {1},
  pages = {3--24},
  number = {1},
  localfile ="0906.1713.pdf"
}

@INPROCEEDINGS{Kaplan2006,
  author = {Kaplan, Frederic and Oudeyer, Pierre-Yves},
  title = {Curiosity-driven development},
  booktitle = {Proceedings of International Workshop on Synergistic Intelligence
	Dynamics},
  year = {2006},
  pages = {1--8},
  organization = {Citeseer},
  localfile ="10.1.1.469.1750.pdf"
}

@INCOLLECTION{Krumnack2007,
  author = {Krumnack, Ulf and Schwering, Angela and Gust, Helmar and K{\"u}hnberger,
	Kai-Uwe},
  title = {Restricted higher-order anti-unification for analogy making},
  booktitle = {AI 2007: Advances in Artificial Intelligence},
  publisher = {Springer},
  year = {2007},
  pages = {273--282},
  localfile ="10.1.1.86.5350.pdf"
}

@BOOK{Lipson2007,
  title = {Curious and creative machines},
  publisher = {Springer},
  year = {2007},
  author = {Lipson, Hod},
  localfile ="10.1.1.83.7011.pdf"
}

@INPROCEEDINGS{Luciw2011,
  author = {Luciw, Matthew and Graziano, Vincent and Ring, Mark and Schmidhuber,
	J{\"u}rgen},
  title = {Artificial curiosity with planning for autonomous perceptual and
	cognitive development},
  booktitle = {Development and Learning (ICDL), 2011 IEEE International Conference
	on},
  year = {2011},
  volume = {2},
  pages = {1--8},
  organization = {IEEE},
  localfile ="10.1.1.300.1823.pdf"
}

@INPROCEEDINGS{Lammel2003,
  author = {L{\"a}mmel, Ralf and Visser, Eelco and Visser, Joost},
  title = {Strategic programming meets adaptive programming},
  booktitle = {Proceedings of the 2nd international conference on Aspect-oriented
	software development},
  year = {2003},
  pages = {168--177},
  organization = {ACM},
  localfile ="10.1.1.98.3714.pdf"
}

@INPROCEEDINGS{Macedo2000,
  author = {Macedo, Lu{\'\i}s and Cardoso, Am{\'\i}lcar},
  title = {Towards artificial forms of surprise and curiosity},
  booktitle = {Proceedings of the European Conference on Cognitive Science},
  year = {2000},
  pages = {139--144},
  organization = {Citeseer},
  localfile ="10.1.1.16.8463.pdf"
}

@PHDTHESIS{Massalin1992,
  author = {Massalin, Henry},
  title = {Synthesis: An E cient Implementation of Fundamental Operating System
	Services},
  school = {Columbia University},
  year = {1992},
  localfile ="10.1.1.29.4871.pdf"
}

@INPROCEEDINGS{Meyer2004,
  author = {Meyer, Tony A and Whateley, Brendon},
  title = {SpamBayes: Effective open-source, Bayesian based, email classification
	system.},
  booktitle = {CEAS},
  year = {2004},
  organization = {Citeseer},
  localfile ="10.1.1.59.8731.pdf"
}

@INPROCEEDINGS{Molina2002,
  author = {Molina, Luis Carlos and Belanche, Llu{\'\i}s and Nebot, {\`A}ngela},
  title = {Feature selection algorithms: A survey and experimental evaluation},
  booktitle = {Data Mining, 2002. ICDM 2003. Proceedings. 2002 IEEE International
	Conference on},
  year = {2002},
  pages = {306--313},
  organization = {IEEE},
  localfile ="10.1.1.101.1337.pdf"
}

@ARTICLE{Ogata,
  author = {Ogata, Ichiro},
  title = {A proof theoretical approach to Continuation Passing Style},
  localfile ="10.1.1.30.1334.pdf",
  publisher = {Citeseer}
}

@INPROCEEDINGS{Schaul2011,
  author = {Schaul, Tom and Sun, Yi and Wierstra, Daan and Gomez, Fausino and
	Schmidhuber, J{\"u}rgen},
  title = {Curiosity-driven optimization},
  booktitle = {Evolutionary Computation (CEC), 2011 IEEE Congress on},
  year = {2011},
  pages = {1343--1349},
  organization = {IEEE},
  localfile ="0912f510ab70f44d08000000.pdf"
}

@INPROCEEDINGS{Schmidhuber1999,
  author = {Schmidhuber, J{\"u}rgen},
  title = {Artificial curiosity based on discovering novel algorithmic predictability
	through coevolution},
  booktitle = {Evolutionary Computation, 1999. CEC 99. Proceedings of the 1999 Congress
	on},
  year = {1999},
  volume = {3},
  organization = {IEEE},
  localfile ="10.1.1.45.1136.pdf"
}

@INPROCEEDINGS{Scott1989,
  author = {Scott, Paul D and Markovitch, Shaul},
  title = {Learning Novel Domains Through Curiosity and Conjecture.},
  booktitle = {IJCAI},
  year = {1989},
  pages = {669--674},
  organization = {Citeseer},
  localfile ="10.1.1.79.2968.pdf"
}

@ARTICLE{Sheard1993,
  author = {Sheard, Tim},
  title = {Type parametric programming},
  year = {1993},
  localfile ="10.1.1.38.2087.pdf"
}

@ARTICLE{Tesauro1987,
  author = {Tesauro, Gerald},
  title = {Scaling relationships in back-propagation learning: Dependence on
	training set size},
  journal = {Complex Systems},
  year = {1987},
  volume = {1},
  pages = {367--372},
  number = {2},
  localfile ="01-2-7.pdf"
}

@INPROCEEDINGS{Wong1995,
  author = {Wong, Man Leung and Leung, Kwong Sak},
  title = {Combining genetic programming and inductive logic programming using
	logic grammars},
  booktitle = {Evolutionary Computation, 1995., IEEE International Conference on},
  year = {1995},
  volume = {2},
  pages = {733--736},
  organization = {IEEE},
  localfile ="10.1.1.155.1793.pdf"
}

@INPROCEEDINGS{Xi2003,
  author = {Xi, Hongwei},
  title = {Facilitating program verification with dependent types},
  booktitle = {Software Engineering and Formal Methods, 2003. Proceedings. First
	International Conference on},
  year = {2003},
  pages = {72--81},
  organization = {IEEE},
  localfile ="10.1.1.59.6517.pdf"
}

@INPROCEEDINGS{Yang2009,
  author = {Yang, Xin-She and Deb, Suash},
  title = {Cuckoo search via L{\'e}vy flights},
  booktitle = {Nature \& Biologically Inspired Computing, 2009. NaBIC 2009. World
	Congress on},
  year = {2009},
  pages = {210--214},
  organization = {IEEE},
  localfile ="1003.1594.pdf"
}

@PHDTHESIS{Zankl2009,
  author = {Zankl, Harald},
  title = {Lazy Termination Analysis},
  school = {University of Innsbruck},
  year = {2009},
  localfile ="09thesisHZ.pdf"
}

% AUTO STARTS HERE

@Article{	  Legg.Hutter:2007,
  title		= "Universal Intelligence: A Definition of Machine
		  Intelligence",
  volume	= "17",
  issn		= "1572-8641",
  doi		= "10.1007/s11023-007-9079-x",
  number	= "4",
  journal	= "Minds & Machines",
  publisher	= "Springer Science + Business Media",
  author	= "Shane Legg and Marcus Hutter",
  year		= "2007",
  month		= nov,
  pages		= "391–444",
  localfile     = "0712.3329.pdf"
}

@Article{	  Hutter:2009,
  title		= "Feature Dynamic Bayesian Networks",
  isbn		= "http://id.crossref.org/isbn/9789078677246",
  doi		= "10.2991/agi.2009.6",
  journal	= "Proceedings of the 2nd Conference on Artificial General
		  Intelligence (2009)",
  publisher	= "Atlantis Press",
  author	= "Marcus Hutter",
  year		= "2009",
  localfile     = "0812.4581.pdf"
}

@Article{	  Delarboulas.Schoenauer.Sebag:2010,
  title		= "Open-Ended Evolutionary Robotics: An Information Theoretic
		  Approach",
  isbn		= "http://id.crossref.org/isbn/978-3-642-15844-5",
  doi		= "10.1007/978-3-642-15844-5_34",
  journal	= "Parallel Problem Solving from Nature, PPSN XI",
  publisher	= "Springer Science + Business Media",
  author	= "Pierre Delarboulas and Marc Schoenauer and Michèle Sebag",
  year		= "2010",
  pages		= "334–343",
  localfile     = "1006.4959.pdf"
}

@Article{	  Praditwong.Harman.Yao:2011,
  title		= "Software Module Clustering as a Multi-Objective Search
		  Problem",
  volume	= "37",
  issn		= "0098-5589",
  doi		= "10.1109/tse.2010.26",
  number	= "2",
  journal	= "IIEEE Trans. Software Eng.",
  publisher	= "Institute of Electrical & Electronics Engineers (IEEE)",
  author	= "Kata Praditwong and Mark Harman and Xin Yao",
  year		= "2011",
  month		= mar,
  pages		= "264–282",
  localfile     = "10.1.1.185.1627.pdf"
}

@Article{	  Langley:2011,
  title		= "The changing science of machine learning",
  volume	= "82",
  issn		= "1573-0565",
  doi		= "10.1007/s10994-011-5242-y",
  number	= "3",
  journal	= "Machine Learning",
  publisher	= "Springer Science + Business Media",
  author	= "Pat Langley",
  year		= "2011",
  month		= feb,
  pages		= "275–279",
  localfile     = "10.1.1.294.9736.pdf"
}

@Article{	  Langendoen.Hartel:1992,
  title		= "FCG: A code generator for lazy functional languages",
  isbn		= "http://id.crossref.org/isbn/978-3-540-47335-0",
  issn		= "1611-3349",
  doi		= "10.1007/3-540-55984-1_26",
  journal	= "Compiler Construction",
  publisher	= "Springer Science + Business Media",
  author	= "Koen Langendoen and Pieter H. Hartel",
  year		= "1992",
  pages		= "278–296",
  localfile     = "10.1.1.47.4841.pdf"
}

@Article{	  WOS:2000,
  title		= "Automating the Search for Elegant Proofs",
  isbn		= "http://id.crossref.org/isbn/9789812813411",
  doi		= "10.1142/9789812813411_0064",
  journal	= "The Collected Works of Larry Wos (In 2 Volumes) - Volume
		  I: Exploring the Power of Automated Reasoning - Volume II:
		  Applying Automated Reasoning to Puzzles, Problems, and Open
		  Questions",
  publisher	= "World Scientific Pub Co Pte Lt",
  author	= "LARRY WOS",
  year		= "2000",
  pages		= "1571–1612",
  localfile     = "10.1.1.56.7854.pdf"
}

@Article{	  Leijen:2004,
  title		= "wxHaskell",
  isbn		= "http://id.crossref.org/isbn/1581138504",
  doi		= "10.1145/1017472.1017483",
  journal	= "Proceedings of the ACM SIGPLAN workshop on Haskell -
		  Haskell ’04",
  publisher	= "Association for Computing Machinery (ACM)",
  author	= "Daan Leijen",
  year		= "2004",
  localfile     = "10.1.1.66.4372.pdf"
}

@Article{	  Şimşek.Barto:2006,
  title		= "An intrinsic reward mechanism for efficient exploration",
  isbn		= "http://id.crossref.org/isbn/1595933832",
  doi		= "10.1145/1143844.1143949",
  journal	= "Proceedings of the 23rd international conference on
		  Machine learning - ICML ’06",
  publisher	= "Association for Computing Machinery (ACM)",
  author	= "Özgür Şimşek and Andrew G. Barto",
  year		= "2006",
  localfile     = "105_An_Intrinsic_Reward.pdf"
}

@Article{	  Nguyen.Sunehag.Hutter:2012,
  title		= "Feature Reinforcement Learning in Practice",
  isbn		= "http://id.crossref.org/isbn/978-3-642-29946-9",
  issn		= "1611-3349",
  doi		= "10.1007/978-3-642-29946-9_10",
  journal	= "Recent Advances in Reinforcement Learning",
  publisher	= "Springer Science + Business Media",
  author	= "Phuong Nguyen and Peter Sunehag and Marcus Hutter",
  year		= "2012",
  pages		= "66–77",
  localfile     = "1108.3614v1.pdf"
}

@Article{	  Bauer.Erwig.Fern.ea:2011,
  title		= "Adaptation-Based Programming in Haskell",
  volume	= "66",
  issn		= "2075-2180",
  doi		= "10.4204/eptcs.66.1",
  journal	= "EPTCS",
  publisher	= "Open Publishing Association",
  author	= "Tim Bauer and Martin Erwig and Alan Fern and Jervis Pinto",
  year		= "2011",
  month		= sep,
  pages		= "1–23",
  localfile     = "1109.0774v1.pdf"
}

@Article{	  Urban.Vyskočil:2013,
  title		= "Theorem Proving in Large Formal Mathematics as an Emerging
		  AI Field",
  isbn		= "http://id.crossref.org/isbn/978-3-642-36675-8",
  issn		= "1611-3349",
  doi		= "10.1007/978-3-642-36675-8_13",
  journal	= "Lecture Notes in Computer Science",
  publisher	= "Springer Science + Business Media",
  author	= "Josef Urban and Jiří Vyskočil",
  year		= "2013",
  pages		= "240–257",
  localfile     = "1209.3914.pdf"
}

@Article{	  Green.Lumsdaine.Ross.ea:2013,
  title		= "An Introduction to Quantum Programming in Quipper",
  isbn		= "http://id.crossref.org/isbn/978-3-642-38986-3",
  issn		= "1611-3349",
  doi		= "10.1007/978-3-642-38986-3_10",
  journal	= "Lecture Notes in Computer Science",
  publisher	= "Springer Science + Business Media",
  author	= "Alexander S. Green and Peter LeFanu Lumsdaine and Neil J.
		  Ross and Peter Selinger and Benoît Valiron",
  year		= "2013",
  pages		= "110–124",
  localfile     = "1304.5485v1.pdf"
}

@Article{	  Abel.Chapman:2014,
  title		= "Normalization by Evaluation in the Delay Monad: A Case
		  Study for Coinduction via Copatterns and Sized Types",
  volume	= "153",
  issn		= "2075-2180",
  doi		= "10.4204/eptcs.153.4",
  journal	= "EPTCS",
  publisher	= "Open Publishing Association",
  author	= "Andreas Abel and James Chapman",
  year		= "2014",
  month		= jun,
  pages		= "51–67",
  localfile     = "1406.2059v1.pdf"
}

@Article{	  Valverde.Sole:2015,
  title		= "Punctuated equilibrium in the large-scale evolution of
		  programming languages",
  volume	= "12",
  issn		= "1742-5662",
  doi		= "10.1098/rsif.2015.0249",
  number	= "107",
  journal	= "Journal of The Royal Society Interface",
  publisher	= "The Royal Society",
  author	= "S. Valverde and R. V. Sole",
  year		= "2015",
  month		= apr,
  pages		= "20150249–20150249",
  localfile     = "14-09-030.pdf"
}

@Article{	  Fodor:2002,
  title		= "A Survey of Dimension Reduction Techniques",
  doi		= "10.2172/15002155",
  publisher	= "Office of Scientific and Technical Information (OSTI)",
  author	= "I K Fodor",
  year		= "2002",
  month		= may,
  localfile     = "148494.pdf"
}

@Article{	  Schwartz:2015,
  title		= "Pan Galactic Division",
  volume	= "37",
  issn		= "1866-7414",
  doi		= "10.1007/s00283-015-9564-7",
  number	= "3",
  journal	= "The Mathematical Intelligencer",
  publisher	= "Springer Science + Business Media",
  author	= "Rich Evan Schwartz",
  year		= "2015",
  month		= jul,
  pages		= "8–10",
  localfile     = "1504.02179v2.pdf"
}

@Article{	  Zhang.Chang.Wu.ea:2015,
  title		= "Macroscopic and direct light propulsion of bulk graphene
		  material",
  volume	= "9",
  issn		= "1749-4893",
  doi		= "10.1038/nphoton.2015.105",
  number	= "7",
  journal	= "Nature Photon",
  publisher	= "Nature Publishing Group",
  author	= "Tengfei Zhang and Huicong Chang and Yingpeng Wu and
		  Peishuang Xiao and Ningbo Yi and Yanhong Lu and Yanfeng Ma
		  and Yi Huang and Kai Zhao and Xiao-Qing Yan and et al.",
  year		= "2015",
  month		= jun,
  pages		= "471–476",
  localfile     = "1505.04254.pdf"
}

@Article{	  Inza.Larrañaga.Etxeberria.ea:2000,
  title		= "Feature Subset Selection by Bayesian network-based
		  optimization",
  volume	= "123",
  issn		= "0004-3702",
  doi		= "10.1016/s0004-3702(00)00052-7",
  number	= "1-2",
  journal	= "Artificial Intelligence",
  publisher	= "Elsevier BV",
  author	= "I. Inza and P. Larrañaga and R. Etxeberria and B. Sierra",
  year		= "2000",
  month		= oct,
  pages		= "157–184",
  localfile     = "1-s2.0-S0004370200000527-main.pdf"
}

@Article{	  Mouret.Doncieux:2009,
  title		= "Overcoming the bootstrap problem in evolutionary robotics
		  using behavioral diversity",
  isbn		= "http://id.crossref.org/isbn/978-1-4244-2959-2",
  doi		= "10.1109/cec.2009.4983077",
  journal	= "2009 IEEE Congress on Evolutionary Computation",
  publisher	= "Institute of Electrical & Electronics Engineers (IEEE)",
  author	= "Jean-Baptiste Mouret and Stephane Doncieux",
  year		= "2009",
  month		= may,
  localfile     = "2009ACTI951.pdf"
}

@Article{	  Adams.Cassibry.Schillo:2014,
  title		= "Developing the Pulsed Fission-Fusion (PuFF) Engine",
  isbn		= "http://id.crossref.org/isbn/978-1-62410-303-2",
  doi		= "10.2514/6.2014-3520",
  journal	= "50th AIAA/ASME/SAE/ASEE Joint Propulsion Conference",
  publisher	= "American Institute of Aeronautics and Astronautics (AIAA)",
  author	= "Robert B. Adams and Jason T. Cassibry and Kevin Schillo",
  year		= "2014",
  month		= jul,
  localfile     = "20140012884.pdf"
}

@Article{	  Clapp.Kain:1963,
  title		= "A computer aid for symbolic mathematics",
  doi		= "10.1145/1463822.1463877",
  journal	= "Proceedings of the November 12-14, 1963, fall joint
		  computer conference on XX - AFIPS ’63 (Fall)",
  publisher	= "Association for Computing Machinery (ACM)",
  author	= "Lewis C. Clapp and Richard Y. Kain",
  year		= "1963",
  localfile     = "50630509.pdf"
}

@Article{	  Gentry.Halevi.Smart:2012,
  title		= "Fully Homomorphic Encryption with Polylog Overhead",
  isbn		= "http://id.crossref.org/isbn/978-3-642-29011-4",
  issn		= "1611-3349",
  doi		= "10.1007/978-3-642-29011-4_28",
  journal	= "Lecture Notes in Computer Science",
  publisher	= "Springer Science + Business Media",
  author	= "Craig Gentry and Shai Halevi and Nigel P. Smart",
  year		= "2012",
  pages		= "465–482",
  localfile     = "566.pdf"
}

@Article{	  Chaitin:2007,
  title		= "Algorithmic Information Theory: Some Recollections",
  isbn		= "http://id.crossref.org/isbn/978-981-277-083-7",
  doi		= "10.1142/9789812770837_0026",
  journal	= "Randomness and Complexity, From Leibniz to Chaitin",
  publisher	= "World Scientific Pub Co Pte Lt",
  author	= "Gregory Chaitin",
  year		= "2007",
  month		= oct,
  pages		= "423–441",
  localfile     = "60.pdf"
}

@Article{	  Dowek.Jiang:2008,
  title		= "Enumerating Proofs of Positive Formulae",
  volume	= "52",
  issn		= "1460-2067",
  doi		= "10.1093/comjnl/bxn029",
  number	= "7",
  journal	= "The Computer Journal",
  publisher	= "Oxford University Press (OUP)",
  author	= "G. Dowek and Y. Jiang",
  year		= "2008",
  month		= may,
  pages		= "799–807",
  localfile     = "799.pdf"
}

@Article{	  Owens.Sarkar.Sewell:2009,
  title		= "A Better x86 Memory Model: x86-TSO",
  isbn		= "http://id.crossref.org/isbn/978-3-642-03359-9",
  issn		= "1611-3349",
  doi		= "10.1007/978-3-642-03359-9_27",
  journal	= "Theorem Proving in Higher Order Logics",
  publisher	= "Springer Science + Business Media",
  author	= "Scott Owens and Susmit Sarkar and Peter Sewell",
  year		= "2009",
  pages		= "391–407",
  localfile     = "A Better x86 Memory Model: x86-TSO.pdf"
}

@Article{	  McDonell.Chakravarty.Keller.ea:2013,
  title		= "Optimising purely functional GPU programs",
  volume	= "48",
  issn		= "0362-1340",
  doi		= "10.1145/2544174.2500595",
  number	= "9",
  journal	= "SIGPLAN Not.",
  publisher	= "Association for Computing Machinery (ACM)",
  author	= "Trevor L. McDonell and Manuel M. T. Chakravarty and
		  Gabriele Keller and Ben Lippmeier",
  year		= "2013",
  month		= nov,
  pages		= "49–60",
  localfile     = "acc-optim.pdf"
}

@Article{	  Eastlund:2009,
  title		= "DoubleCheck your theorems",
  isbn		= "http://id.crossref.org/isbn/9781605587424",
  doi		= "10.1145/1637837.1637844",
  journal	= "Proceedings of the Eighth International Workshop on the
		  ACL2 Theorem Prover and its Applications - ACL2 ’09",
  publisher	= "Association for Computing Machinery (ACM)",
  author	= "Carl Eastlund",
  year		= "2009",
  localfile     = "acl209-e.pdf"
}

@Article{	  Poland:2004,
  title		= "A coding theorem for Enumerable Output Machines",
  volume	= "91",
  issn		= "0020-0190",
  doi		= "10.1016/j.ipl.2004.05.002",
  number	= "4",
  journal	= "Information Processing Letters",
  publisher	= "Elsevier BV",
  author	= "Jan Poland",
  year		= "2004",
  month		= aug,
  pages		= "157–161",
  localfile     = "A Coding Theorem for Enumerable Output Machines.pdf"
}

@Article{	  O’Neill.Hutter.Shao.ea:2012,
  title		= "Adaptive Context Tree Weighting",
  isbn		= "http://id.crossref.org/isbn/978-1-4673-0715-4",
  doi		= "10.1109/dcc.2012.38",
  journal	= "2012 Data Compression Conference",
  publisher	= "Institute of Electrical & Electronics Engineers (IEEE)",
  author	= "Alexander O’Neill and Marcus Hutter and Wen Shao and
		  Peter Sunehag",
  year		= "2012",
  month		= apr,
  localfile     = "adapctw.pdf"
}

@Article{	  Forrest.Nguyen.Weimer.ea:2009,
  title		= "A genetic programming approach to automated software
		  repair",
  isbn		= "http://id.crossref.org/isbn/9781605583259",
  doi		= "10.1145/1569901.1570031",
  journal	= "Proceedings of the 11th Annual conference on Genetic and
		  evolutionary computation - GECCO ’09",
  publisher	= "Association for Computing Machinery (ACM)",
  author	= "Stephanie Forrest and ThanhVu Nguyen and Westley Weimer
		  and Claire Le Goues",
  year		= "2009",
  localfile     = "A Genetic Programming Approach to Automated Software Repair.pdf"
}

@Article{	  Schaul.Pape.Glasmachers.ea:2011,
  title		= "Coherence Progress: A Measure of Interestingness Based on
		  Fixed Compressors",
  isbn		= "http://id.crossref.org/isbn/978-3-642-22887-2",
  issn		= "1611-3349",
  doi		= "10.1007/978-3-642-22887-2_3",
  journal	= "Lecture Notes in Computer Science",
  publisher	= "Springer Science + Business Media",
  author	= "Tom Schaul and Leo Pape and Tobias Glasmachers and Vincent
		  Graziano and Jürgen Schmidhuber",
  year		= "2011",
  pages		= "21–30",
  localfile     = "agi2011coherence.pdf"
}

@Article{	  Sun.Gomez.Schmidhuber:2011,
  title		= "Planning to Be Surprised: Optimal Bayesian Exploration in
		  Dynamic Environments",
  isbn		= "http://id.crossref.org/isbn/978-3-642-22887-2",
  issn		= "1611-3349",
  doi		= "10.1007/978-3-642-22887-2_5",
  journal	= "Lecture Notes in Computer Science",
  publisher	= "Springer Science + Business Media",
  author	= "Yi Sun and Faustino Gomez and Jürgen Schmidhuber",
  year		= "2011",
  pages		= "41–51",
  localfile     = "agi2011sun.pdf"
}

@Article{	  Gisslen.Ring.Luciw.ea:2012,
  title		= "Modular Value Iteration through Regional Decomposition",
  isbn		= "http://id.crossref.org/isbn/978-3-642-35506-6",
  issn		= "1611-3349",
  doi		= "10.1007/978-3-642-35506-6_8",
  journal	= "Lecture Notes in Computer Science",
  publisher	= "Springer Science + Business Media",
  author	= "Linus Gisslen and Mark Ring and Matthew Luciw and Jürgen
		  Schmidhuber",
  year		= "2012",
  pages		= "69–78",
  localfile     = "agi2012.pdf"
}

@Article{	  Clark.Sheldon:2005,
  title		= "Dusty Plasma Based Fission Fragment Nuclear Reactor",
  isbn		= "http://id.crossref.org/isbn/978-1-62410-063-5",
  doi		= "10.2514/6.2005-4460",
  journal	= "41st AIAA/ASME/SAE/ASEE Joint Propulsion Conference &amp;
		  Exhibit",
  publisher	= "American Institute of Aeronautics and Astronautics (AIAA)",
  author	= "Rodney Clark and Robert Sheldon",
  year		= "2005",
  month		= jul,
  localfile     = "aiaa05.pdf"
}

@Article{	  Harmelen.Bundy:1988,
  title		= "Explanation-based generalisation = partial evaluation",
  volume	= "36",
  issn		= "0004-3702",
  doi		= "10.1016/0004-3702(88)90088-4",
  number	= "3",
  journal	= "Artificial Intelligence",
  publisher	= "Elsevier BV",
  author	= "Frank van Harmelen and Alan Bundy",
  year		= "1988",
  month		= oct,
  pages		= "401–412",
  localfile     = "AIJ88.pdf"
}

@Article{	  Legg.Veness:2013,
  title		= "An Approximation of the Universal Intelligence Measure",
  isbn		= "http://id.crossref.org/isbn/978-3-642-44958-1",
  issn		= "1611-3349",
  doi		= "10.1007/978-3-642-44958-1_18",
  journal	= "Lecture Notes in Computer Science",
  publisher	= "Springer Science + Business Media",
  author	= "Shane Legg and Joel Veness",
  year		= "2013",
  pages		= "236–249",
  localfile     = "AIQ.pdf"
}

@Article{	  Sunehag.Hutter:2011,
  title		= "Axioms for Rational Reinforcement Learning",
  isbn		= "http://id.crossref.org/isbn/978-3-642-24412-4",
  issn		= "1611-3349",
  doi		= "10.1007/978-3-642-24412-4_27",
  journal	= "Algorithmic Learning Theory",
  publisher	= "Springer Science + Business Media",
  author	= "Peter Sunehag and Marcus Hutter",
  year		= "2011",
  pages		= "338–352",
  localfile     = "aixiaxiom.pdf"
}

@Article{	  Atkey.Johann.Kennedy:2013,
  title		= "Abstraction and invariance for algebraically indexed
		  types",
  isbn		= "http://id.crossref.org/isbn/9781450318327",
  doi		= "10.1145/2429069.2429082",
  journal	= "Proceedings of the 40th annual ACM SIGPLAN-SIGACT
		  symposium on Principles of programming languages - POPL
		  ’13",
  publisher	= "Association for Computing Machinery (ACM)",
  author	= "Robert Atkey and Patricia Johann and Andrew Kennedy",
  year		= "2013",
  localfile     = "algebraic-indexed.pdf"
}

@Article{	  Hutter:2010,
  title		= "A Complete Theory of Everything (Will Be Subjective)",
  volume	= "3",
  issn		= "1999-4893",
  doi		= "10.3390/a3040329",
  number	= "4",
  journal	= "Algorithms",
  publisher	= "MDPI AG",
  author	= "Marcus Hutter",
  year		= "2010",
  month		= sep,
  pages		= "329–350",
  localfile     = "algorithms-03-00329-v2.pdf"
}

@Article{	  VOEVODSKY:2015,
  title		= "An experimental library of formalized Mathematics based on
		  the univalent foundations",
  volume	= "25",
  issn		= "1469-8072",
  doi		= "10.1017/s0960129514000577",
  number	= "05",
  journal	= "Math. Struct. Comp. Sci.",
  publisher	= "Cambridge University Press (CUP)",
  author	= "VLADIMIR VOEVODSKY",
  year		= "2015",
  month		= jan,
  pages		= "1278–1294",
  localfile     = "An Experimental Library of Formalized Mathematics Based on the Univalent Foundations.pdf"
}

@Article{	  Luciw.Kompella.Kazerounian.ea:2013,
  title		= "An intrinsic value system for developing multiple
		  invariant representations with incremental slowness
		  learning",
  volume	= "7",
  issn		= "1662-5218",
  doi		= "10.3389/fnbot.2013.00009",
  journal	= "Frontiers in Neurorobotics",
  publisher	= "Frontiers Media SA",
  author	= "Matthew Luciw and Varun Kompella and Sohrob Kazerounian
		  and Juergen Schmidhuber",
  year		= "2013",
  localfile     = "An Intrinsic Value System for Developing Multiple Invariant Representations with Incremental Slowness Learning.pdf"
}

@Article{	  Bulychev.Kostylev.Zakharov:2010,
  title		= "Anti-unification Algorithms and Their Applications in
		  Program Analysis",
  isbn		= "http://id.crossref.org/isbn/978-3-642-11486-1",
  issn		= "1611-3349",
  doi		= "10.1007/978-3-642-11486-1_35",
  journal	= "Lecture Notes in Computer Science",
  publisher	= "Springer Science + Business Media",
  author	= "Peter E. Bulychev and Egor V. Kostylev and Vladimir A.
		  Zakharov",
  year		= "2010",
  pages		= "413–423",
  localfile     = "anti-unification_algorithms_and_their_applications_in_program_analysis.pdf"
}

@Article{	  McCarthy:2007,
  title		= "Challenges to Machine Learning: Relations Between Reality
		  and Appearance",
  isbn		= "http://id.crossref.org/isbn/978-3-540-73847-3",
  issn		= "1611-3349",
  doi		= "10.1007/978-3-540-73847-3_2",
  journal	= "Lecture Notes in Computer Science",
  publisher	= "Springer Science + Business Media",
  author	= "John McCarthy",
  year		= "2007",
  pages		= "2–9",
  localfile     = "appearance.pdf"
}

@Article{	  Churchill.Fernando:2014,
  title		= "An evolutionary cognitive architecture made of a bag of
		  networks",
  volume	= "7",
  issn		= "1864-5917",
  doi		= "10.1007/s12065-014-0121-7",
  number	= "3",
  journal	= "Evolutionary Intelligence",
  publisher	= "Springer Science + Business Media",
  author	= "Alexander W. Churchill and Chrisantha Fernando",
  year		= "2014",
  month		= nov,
  pages		= "169–182",
  localfile     = "art%3A10.1007%2Fs12065-014-0121-7.pdf"
}

@Article{	  Menezes.Kabamba:2011,
  title		= "Optimal Seeding of Self-Reproducing Systems",
  volume	= "18",
  issn		= "1530-9185",
  doi		= "10.1162/artl_a_00048",
  number	= "1",
  journal	= "Artificial Life",
  publisher	= "MIT Press - Journals",
  author	= "Amor A. Menezes and Pierre T. Kabamba",
  year		= "2011",
  month		= dec,
  pages		= "27–51",
  localfile     = "artl_a_00048.pdf"
}

@Article{	  McCasland.Bundy.Smith:2006,
  title		= "Ascertaining Mathematical Theorems",
  volume	= "151",
  issn		= "1571-0661",
  doi		= "10.1016/j.entcs.2005.11.021",
  number	= "1",
  journal	= "Electronic Notes in Theoretical Computer Science",
  publisher	= "Elsevier BV",
  author	= "Roy L. McCasland and Alan Bundy and Patrick F. Smith",
  year		= "2006",
  month		= mar,
  pages		= "21–38",
  localfile     = "Ascertaining Mathematical Theorems.pdf"
}

@Article{	  Solar-Lezama.Tancau.Bodik.ea:2006,
  title		= "Combinatorial sketching for finite programs",
  volume	= "41",
  issn		= "0362-1340",
  doi		= "10.1145/1168918.1168907",
  number	= "11",
  journal	= "SIGPLAN Not.",
  publisher	= "Association for Computing Machinery (ACM)",
  author	= "Armando Solar-Lezama and Liviu Tancau and Rastislav Bodik
		  and Sanjit Seshia and Vijay Saraswat",
  year		= "2006",
  month		= oct,
  pages		= "404",
  localfile     = "asplos06-final.pdf"
}

@Article{	  Bansal.Aiken:2006,
  title		= "Automatic generation of peephole superoptimizers",
  volume	= "41",
  issn		= "0362-1340",
  doi		= "10.1145/1168918.1168906",
  number	= "11",
  journal	= "SIGPLAN Not.",
  publisher	= "Association for Computing Machinery (ACM)",
  author	= "Sorav Bansal and Alex Aiken",
  year		= "2006",
  month		= oct,
  pages		= "394",
  localfile     = "asplos06.pdf"
}

@Article{	  Antoniou.Bikakis:2007,
  title		= "DR-Prolog: A System for Defeasible Reasoning with Rules
		  and Ontologies on the Semantic Web",
  volume	= "19",
  issn		= "1041-4347",
  doi		= "10.1109/tkde.2007.29",
  number	= "2",
  journal	= "IEEE Transactions on Knowledge and Data Engineering",
  publisher	= "Institute of Electrical & Electronics Engineers (IEEE)",
  author	= "Grigoris Antoniou and Antonis Bikakis",
  year		= "2007",
  pages		= "233–245",
  localfile     = "A System for Defeasible Reasoning with Rules and Ontologies on the Semantic Web(25).pdf"
}

@Article{	  Schulte.Forrest.Weimer:2010,
  title		= "Automated program repair through the evolution of assembly
		  code",
  isbn		= "http://id.crossref.org/isbn/9781450301169",
  doi		= "10.1145/1858996.1859059",
  journal	= "Proceedings of the IEEE/ACM international conference on
		  Automated software engineering - ASE ’10",
  publisher	= "Association for Computing Machinery (ACM)",
  author	= "Eric Schulte and Stephanie Forrest and Westley Weimer",
  year		= "2010",
  localfile     = "Automated Program Repair through the Evolution of Assembly Code.pdf"
}

@Article{	  Schüpbach.Baumann.Roscoe.ea:2011,
  title		= "A declarative language approach to device configuration",
  volume	= "46",
  issn		= "0362-1340",
  doi		= "10.1145/1961296.1950382",
  number	= "3",
  journal	= "SIGPLAN Not.",
  publisher	= "Association for Computing Machinery (ACM)",
  author	= "Adrian Schüpbach and Andrew Baumann and Timothy Roscoe
		  and Simon Peter",
  year		= "2011",
  month		= mar,
  pages		= "119",
localfile     = "barrelfish_asplos11.pdf"
}

@Article{	  Hehner:1990,
  title		= "Beautifying Gödel",
  isbn		= "http://id.crossref.org/isbn/978-1-4612-4476-9",
  doi		= "10.1007/978-1-4612-4476-9_19",
  journal	= "Beauty Is Our Business",
  publisher	= "Springer Science + Business Media",
  author	= "Eric C. R. Hehner",
  year		= "1990",
  pages		= "163–172",
localfile     = "BeautifyingGoedel.pdf"
}

@Article{	  Johansson.Bundy.Dixon:2006,
  title		= "Best-First Rippling",
  isbn		= "http://id.crossref.org/isbn/978-3-540-37902-7",
  issn		= "1611-3349",
  doi		= "10.1007/11829263_5",
  journal	= "Lecture Notes in Computer Science",
  publisher	= "Springer Science + Business Media",
  author	= "Moa Johansson and Alan Bundy and Lucas Dixon",
  year		= "2006",
  pages		= "83–100",
localfile     = "bfrippling.pdf"
}

@Article{	  Bianchi.Dorigo.Gambardella.ea:2008,
  title		= "A survey on metaheuristics for stochastic combinatorial
		  optimization",
  volume	= "8",
  issn		= "1572-9796",
  doi		= "10.1007/s11047-008-9098-4",
  number	= "2",
  journal	= "Nat Comput",
  publisher	= "Springer Science + Business Media",
  author	= "Leonora Bianchi and Marco Dorigo and Luca Maria
		  Gambardella and Walter J. Gutjahr",
  year		= "2008",
  month		= sep,
  pages		= "239–287",
localfile     = "BiaDorGamGut2009natcomp.pdf"
}

@Article{	  Cook.Podelski.Rybalchenko:2006,
  title		= "Termination proofs for systems code",
  volume	= "41",
  issn		= "0362-1340",
  doi		= "10.1145/1133255.1134029",
  number	= "6",
  journal	= "SIGPLAN Not.",
  publisher	= "Association for Computing Machinery (ACM)",
  author	= "Byron Cook and Andreas Podelski and Andrey Rybalchenko",
  year		= "2006",
  month		= jun,
  pages		= "415",
localfile     = "binreach.pdf"
}

@Article{	  Beliaeva.Zilberstein:2005,
  title		= "Generating Admissible Heuristics by Abstraction for Search
		  in Stochastic Domains",
  isbn		= "http://id.crossref.org/isbn/978-3-540-31882-8",
  issn		= "1611-3349",
  doi		= "10.1007/11527862_2",
  journal	= "Abstraction, Reformulation and Approximation",
  publisher	= "Springer Science + Business Media",
  author	= "Natalia Beliaeva and Shlomo Zilberstein",
  year		= "2005",
  pages		= "14–29",
localfile     = "BZsara05.pdf"
}

@Article{	  Cook.Podelski.Rybalchenko:2011,
  title		= "Proving program termination",
  volume	= "54",
  issn		= "0001-0782",
  doi		= "10.1145/1941487.1941509",
  number	= "5",
  journal	= "Commun. ACM",
  publisher	= "Association for Computing Machinery (ACM)",
  author	= "Byron Cook and Andreas Podelski and Andrey Rybalchenko",
  year		= "2011",
  month		= may,
  pages		= "88",
localfile     = "cacm09-proving-program-termination.pdf"
}

@Article{	  Johansson.Dixon.Bundy:2010,
  title		= "Case-Analysis for Rippling and Inductive Proof",
  isbn		= "http://id.crossref.org/isbn/978-3-642-14052-5",
  issn		= "1611-3349",
  doi		= "10.1007/978-3-642-14052-5_21",
  journal	= "Lecture Notes in Computer Science",
  publisher	= "Springer Science + Business Media",
  author	= "Moa Johansson and Lucas Dixon and Alan Bundy",
  year		= "2010",
  pages		= "291–306",
localfile     = "CaseAnalysis_ITP_2010.pdf"
}

@Article{	  Schaul.Sun.Wierstra.ea:2011,
  title		= "Curiosity-driven optimization",
  isbn		= "http://id.crossref.org/isbn/978-1-4244-7834-7",
  doi		= "10.1109/cec.2011.5949772",
  journal	= "2011 IEEE Congress of Evolutionary Computation (CEC)",
  publisher	= "Institute of Electrical & Electronics Engineers (IEEE)",
  author	= "Tom Schaul and Yi Sun and Daan Wierstra and Fausino Gomez
		  and Jurgen Schmidhuber",
  year		= "2011",
  month		= jun,
localfile     = "cec2011tom.pdf"
}

@Article{	  Hinze:2010,
  title		= "Reasoning about Codata",
  isbn		= "http://id.crossref.org/isbn/978-3-642-17685-2",
  issn		= "1611-3349",
  doi		= "10.1007/978-3-642-17685-2_3",
  journal	= "Lecture Notes in Computer Science",
  publisher	= "Springer Science + Business Media",
  author	= "Ralf Hinze",
  year		= "2010",
  pages		= "42–93",
localfile     = "CEFP09.pdf"
}

@Article{	  Jordehi:2014,
  title		= "A chaotic-based big bang–big crunch algorithm for
		  solving global optimisation problems",
  volume	= "25",
  issn		= "1433-3058",
  doi		= "10.1007/s00521-014-1613-1",
  number	= "6",
  journal	= "Neural Computing and Applications",
  publisher	= "Springer Science + Business Media",
  author	= "A. Rezaee Jordehi",
  year		= "2014",
  month		= may,
  pages		= "1329–1335",
localfile     = "chaotic BBBC.pdf"
}

@Article{	  Burke.Hyde.Kendall.ea:2010,
  title		= "A Classification of Hyper-heuristic Approaches",
  isbn		= "http://id.crossref.org/isbn/978-1-4419-1665-5",
  issn		= "0884-8289",
  doi		= "10.1007/978-1-4419-1665-5_15",
  journal	= "International Series in Operations Research & Management
		  Science",
  publisher	= "Springer Science + Business Media",
  author	= "Edmund K. Burke and Matthew Hyde and Graham Kendall and
		  Gabriela Ochoa and Ender Özcan and John R. Woodward",
  year		= "2010",
  pages		= "449–468",
localfile     = "ChapterClassHH.pdf"
}

@Article{	  Colton:2007,
  title		= "Computational Discovery in Pure Mathematics",
  isbn		= "http://id.crossref.org/isbn/978-3-540-73920-3",
  issn		= "1611-3349",
  doi		= "10.1007/978-3-540-73920-3_9",
  journal	= "Computational Discovery of Scientific Knowledge",
  publisher	= "Springer Science + Business Media",
  author	= "Simon Colton",
  year		= "2007",
  pages		= "175–201",
localfile     = "colton_cdck07.pdf"
}

@Article{	  Colton:2008,
  title		= "Automatic Invention of Fitness Functions with Application
		  to Scene Generation",
  isbn		= "http://id.crossref.org/isbn/978-3-540-78761-7",
  issn		= "1611-3349",
  doi		= "10.1007/978-3-540-78761-7_41",
  journal	= "Applications of Evolutionary Computing",
  publisher	= "Springer Science + Business Media",
  author	= "Simon Colton",
  year		= "2008",
  pages		= "381–391",
localfile     = "colton_evomusart08.pdf"
}

@Article{	  Hyland.Levy.Plotkin.ea:2007,
  title		= "Combining algebraic effects with continuations",
  volume	= "375",
  issn		= "0304-3975",
  doi		= "10.1016/j.tcs.2006.12.026",
  number	= "1-3",
  journal	= "Theoretical Computer Science",
  publisher	= "Elsevier BV",
  author	= "Martin Hyland and Paul Blain Levy and Gordon Plotkin and
		  John Power",
  year		= "2007",
  month		= may,
  pages		= "20–40",
localfile     = "comb_cont_journal.pdf"
}

@Article{	  Crossley.Kitzelmann.Hofmann.ea:2009,
  title		= "Combining Analytical and Evolutionary Inductive
		  Programming",
  isbn		= "http://id.crossref.org/isbn/9789078677246",
  doi		= "10.2991/agi.2009.1",
  journal	= "Proceedings of the 2nd Conference on Artificial General
		  Intelligence (2009)",
  publisher	= "Atlantis Press",
  author	= "Neil Crossley and Emanuel Kitzelmann and Martin Hofmann
		  and Ute Schmid",
  year		= "2009",
localfile     = "Combining Analytical and Evolutionary Inductive Programming.pdf"
}

@Article{	  Gaelli.Wampfler.Nierstrasz:2007,
  title		= "Composing Tests from Examples.",
  volume	= "6",
  issn		= "1660-1769",
  doi		= "10.5381/jot.2007.6.9.a4",
  number	= "9",
  journal	= "The Journal of Object Technology",
  publisher	= "AITO - Association Internationale pour les Technologies
		  Objets",
  author	= "Markus Gaelli and Rafael Wampfler and Oscar Nierstrasz",
  year		= "2007",
  pages		= "71",
localfile     = "Composing Tests from Examples.pdf"
}

@Article{	  Ngo.Luciw.Förster.ea:2013,
  title		= "Confidence-based progress-driven self-generated goals for
		  skill acquisition in developmental robots",
  volume	= "4",
  issn		= "1664-1078",
  doi		= "10.3389/fpsyg.2013.00833",
  journal	= "Front. Psychol.",
  publisher	= "Frontiers Media SA",
  author	= "Hung Ngo and Matthew Luciw and Alexander Förster and
		  Jürgen Schmidhuber",
  year		= "2013",
localfile     = "Confidence-Based Progress-Driven Self-Generated Goals for Skill Acquisition in Developmental Robots.pdf"
}

@Article{	  Johansson.Dixon.Bundy:2010,
  title		= "Conjecture Synthesis for Inductive Theories",
  volume	= "47",
  issn		= "1573-0670",
  doi		= "10.1007/s10817-010-9193-y",
  number	= "3",
  journal	= "Journal of Automated Reasoning",
  publisher	= "Springer Science + Business Media",
  author	= "Moa Johansson and Lucas Dixon and Alan Bundy",
  year		= "2010",
  month		= jul,
  pages		= "251–289",
localfile     = "ConjSynthesisJAR2011.pdf"
}

@Article{	  Petrik.Zilberstein:2009,
  title		= "Constraint relaxation in approximate linear programs",
  isbn		= "http://id.crossref.org/isbn/9781605585161",
  doi		= "10.1145/1553374.1553478",
  journal	= "Proceedings of the 26th Annual International Conference on
		  Machine Learning - ICML ’09",
  publisher	= "Association for Computing Machinery (ACM)",
  author	= "Marek Petrik and Shlomo Zilberstein",
  year		= "2009",
localfile     = "Constraint Relaxation in Approximate Linear Programs.pdf"
}

@Article{	  Tan.Appel.Swadi.ea:2004,
  title		= "Construction of a Semantic Model for a Typed Assembly
		  Language",
  isbn		= "http://id.crossref.org/isbn/978-3-540-24622-0",
  issn		= "1611-3349",
  doi		= "10.1007/978-3-540-24622-0_4",
  journal	= "Verification, Model Checking, and Abstract Interpretation",
  publisher	= "Springer Science + Business Media",
  author	= "Gang Tan and Andrew W. Appel and Kedar N. Swadi and
		  Dinghao Wu",
  year		= "2004",
  pages		= "30–43",
localfile     = "Construction of a Semantic Model for a Typed Assembly Language.pdf"
}

@Article{	  Kiselyov.Shan:2007,
  title		= "Delimited Continuations in Operating Systems",
  isbn		= "http://id.crossref.org/isbn/978-3-540-74254-8",
  doi		= "10.1007/978-3-540-74255-5_22",
  journal	= "Lecture Notes in Computer Science",
  publisher	= "Springer Science + Business Media",
  author	= "Oleg Kiselyov and Chung-chieh Shan",
  year		= "2007",
  pages		= "291–302",
localfile     = "context2007.pdf"
}

@Article{	  Soares.Fallenstein:2015,
  title		= "Two Attempts to Formalize Counterpossible Reasoning in
		  Deterministic Settings",
  isbn		= "http://id.crossref.org/isbn/978-3-319-21365-1",
  issn		= "1611-3349",
  doi		= "10.1007/978-3-319-21365-1_17",
  journal	= "Lecture Notes in Computer Science",
  publisher	= "Springer Science + Business Media",
  author	= "Nate Soares and Benja Fallenstein",
  year		= "2015",
  pages		= "156–165",
localfile     = "CounterpossibleReasoning.pdf"
}

@Article{	  Kerneis.Chroboczek:2011,
  title		= "Continuation-Passing C, compiling threads to events
		  through continuations",
  volume	= "24",
  issn		= "1573-0557",
  doi		= "10.1007/s10990-012-9084-5",
  number	= "3",
  journal	= "Higher-Order Symb Comput",
  publisher	= "Springer Science + Business Media",
  author	= "Gabriel Kerneis and Juliusz Chroboczek",
  year		= "2011",
  month		= sep,
  pages		= "239–279",
localfile     = "cpc-2010.pdf"
}

@Article{	  Levy:2003,
  title		= "Adjunction Models For Call-By-Push-Value With Stacks",
  volume	= "69",
  issn		= "1571-0661",
  doi		= "10.1016/s1571-0661(04)80568-1",
  journal	= "Electronic Notes in Theoretical Computer Science",
  publisher	= "Elsevier BV",
  author	= "Paul Blain Levy",
  year		= "2003",
  month		= feb,
  pages		= "248–271",
localfile     = "ctcs02journal.pdf"
}

@Article{	  Räihä:2010,
  title		= "A survey on search-based software design",
  volume	= "4",
  issn		= "1574-0137",
  doi		= "10.1016/j.cosrev.2010.06.001",
  number	= "4",
  journal	= "Computer Science Review",
  publisher	= "Elsevier BV",
  author	= "Outi Räihä",
  year		= "2010",
  month		= nov,
  pages		= "203–249",
localfile     = "D-2009-1.pdf"
}

@Article{	  Abel.Chapman:2014,
  title		= "Normalization by Evaluation in the Delay Monad: A Case
		  Study for Coinduction via Copatterns and Sized Types",
  volume	= "153",
  issn		= "2075-2180",
  doi		= "10.4204/eptcs.153.4",
  journal	= "EPTCS",
  publisher	= "Open Publishing Association",
  author	= "Andreas Abel and James Chapman",
  year		= "2014",
  month		= jun,
  pages		= "51–67",
localfile     = "delay_monad.pdf"
}

@Article{	  Kiselyov.Shan.Sabry:2006,
  title		= "Delimited dynamic binding",
  volume	= "41",
  issn		= "0362-1340",
  doi		= "10.1145/1160074.1159808",
  number	= "9",
  journal	= "SIGPLAN Not.",
  publisher	= "Association for Computing Machinery (ACM)",
  author	= "Oleg Kiselyov and Chung-chieh Shan and Amr Sabry",
  year		= "2006",
  month		= sep,
  pages		= "26",
localfile     = "Delimited Dynamic Binding.pdf"
}

@Article{	  Demaine.Panchekha.Wilson.ea:2013,
  title		= "Blame Trees",
  isbn		= "http://id.crossref.org/isbn/978-3-642-40104-6",
  issn		= "1611-3349",
  doi		= "10.1007/978-3-642-40104-6_25",
  journal	= "Algorithms and Data Structures",
  publisher	= "Springer Science + Business Media",
  author	= "Erik D. Demaine and Pavel Panchekha and David A. Wilson
		  and Edward Z. Yang",
  year		= "2013",
  pages		= "280–290",
localfile     = "demaine13-blametrees.pdf"
}

@Article{	  Goertzel:2012,
  title		= "Perception Processing for General Intelligence: Bridging
		  the Symbolic/Subsymbolic Gap",
  isbn		= "http://id.crossref.org/isbn/978-3-642-35506-6",
  issn		= "1611-3349",
  doi		= "10.1007/978-3-642-35506-6_9",
  journal	= "Lecture Notes in Computer Science",
  publisher	= "Springer Science + Business Media",
  author	= "Ben Goertzel",
  year		= "2012",
  pages		= "79–88",
localfile     = "DeSTIN_OpenCog_paper_v2.pdf"
}

@Article{	  Liu.Wainer:2008,
  title		= "Lightweight Time Warp&#150; A Novel Protocol for Parallel
		  Optimistic Simulation of Large-Scale DEVS and Cell-DEVS
		  Models",
  isbn		= "http://id.crossref.org/isbn/978-0-7695-3425-1",
  doi		= "10.1109/ds-rt.2008.15",
  journal	= "2008 12th IEEE/ACM International Symposium on Distributed
		  Simulation and Real-Time Applications",
  publisher	= "Institute of Electrical & Electronics Engineers (IEEE)",
  author	= "Qi Liu and Gabriel Wainer",
  year		= "2008",
  month		= oct,
localfile     = "DS-RT_Liu_Wainer08.pdf"
}

@Article{	  Johansson.Dixon.Bundy:2010,
  title		= "Dynamic Rippling, Middle-Out Reasoning and Lemma
		  Discovery",
  isbn		= "http://id.crossref.org/isbn/978-3-642-17172-7",
  issn		= "1611-3349",
  doi		= "10.1007/978-3-642-17172-7_6",
  journal	= "Lecture Notes in Computer Science",
  publisher	= "Springer Science + Business Media",
  author	= "Moa Johansson and Lucas Dixon and Alan Bundy",
  year		= "2010",
  pages		= "102–116",
localfile     = "dyn-MOR-lemma.pdf"
}

@Article{	  Katayama:2008,
  title		= "Efficient Exhaustive Generation of Functional Programs
		  Using Monte-Carlo Search with Iterative Deepening",
  isbn		= "http://id.crossref.org/isbn/978-3-540-89197-0",
  issn		= "1611-3349",
  doi		= "10.1007/978-3-540-89197-0_21",
  journal	= "Lecture Notes in Computer Science",
  publisher	= "Springer Science + Business Media",
  author	= "Susumu Katayama",
  year		= "2008",
  pages		= "199–210",
localfile     = "Efficient Exhaustive Generation of Functional Programs using Monte-Carlo Search with Iterative Deepening.pdf"
}

@Article{	  Walt.Swierstra:2013,
  title		= "Engineering Proof by Reflection in Agda",
  isbn		= "http://id.crossref.org/isbn/978-3-642-41582-1",
  issn		= "1611-3349",
  doi		= "10.1007/978-3-642-41582-1_10",
  journal	= "Lecture Notes in Computer Science",
  publisher	= "Springer Science + Business Media",
  author	= "Paul van der Walt and Wouter Swierstra",
  year		= "2013",
  pages		= "157–173",
localfile     = "EngineeringReflection.pdf"
}

@Article{	  Egger.Møgelberg.Simpson:2009,
  title		= "Enriching an Effect Calculus with Linear Types",
  isbn		= "http://id.crossref.org/isbn/978-3-642-04027-6",
  issn		= "1611-3349",
  doi		= "10.1007/978-3-642-04027-6_19",
  journal	= "Lecture Notes in Computer Science",
  publisher	= "Springer Science + Business Media",
  author	= "Jeff Egger and Rasmus Ejlers Møgelberg and Alex Simpson",
  year		= "2009",
  pages		= "240–254",
localfile     = "enriched-effect-calculus.pdf"
}

@Article{	  Yakushev.Jeuring:2010,
  title		= "Enumerating Well-Typed Terms Generically",
  isbn		= "http://id.crossref.org/isbn/978-3-642-11931-6",
  issn		= "1611-3349",
  doi		= "10.1007/978-3-642-11931-6_5",
  journal	= "Lecture Notes in Computer Science",
  publisher	= "Springer Science + Business Media",
  author	= "Alexey Rodriguez Yakushev and Johan Jeuring",
  year		= "2010",
  pages		= "93–116",
localfile     = "enumerating.pdf"
}

@Article{	  Aoyama:2004,
  title		= "LK, LJ, Dual Intuitionistic Logic, and Quantum Logic",
  volume	= "45",
  issn		= "0029-4527",
  doi		= "10.1305/ndjfl/1099238445",
  number	= "4",
  journal	= "Notre Dame Journal of Formal Logic",
  publisher	= "Duke University Press",
  author	= "Hiroshi Aoyama",
  year		= "2004",
  month		= oct,
  pages		= "193–213",
localfile     = "euclid.ndjfl.1099238445.pdf"
}

@Article{	  Levy:2006,
  title		= "Monads and Adjunctions for Global Exceptions",
  volume	= "158",
  issn		= "1571-0661",
  doi		= "10.1016/j.entcs.2006.04.014",
  journal	= "Electronic Notes in Theoretical Computer Science",
  publisher	= "Elsevier BV",
  author	= "Paul Blain Levy",
  year		= "2006",
  month		= may,
  pages		= "261–287",
localfile     = "exceptions.pdf"
}

@Article{	  Memisevic.Hinton:2010,
  title		= "Learning to Represent Spatial Transformations with
		  Factored Higher-Order Boltzmann Machines",
  volume	= "22",
  issn		= "1530-888X",
  doi		= "10.1162/neco.2010.01-09-953",
  number	= "6",
  journal	= "Neural Computation",
  publisher	= "MIT Press - Journals",
  author	= "Roland Memisevic and Geoffrey E. Hinton",
  year		= "2010",
  month		= jun,
  pages		= "1473–1492",
localfile     = "factored.pdf"
}

@Article{	  Jay.Given-Wilson:2011,
  title		= "A combinatory account of internal structure",
  volume	= "76",
  issn		= "1943-5886",
  doi		= "10.2178/jsl/1309952521",
  number	= "03",
  journal	= "J. symb. log.",
  publisher	= "Cambridge University Press (CUP)",
  author	= "Barry Jay and Thomas Given-Wilson",
  year		= "2011",
  month		= sep,
  pages		= "807–826",
localfile     = "factor_talk.pdf"
}

@Article{	  Hutter:2009,
  title		= "Feature Reinforcement Learning: Part I. Unstructured MDPs",
  volume	= "1",
  issn		= "1946-0163",
  doi		= "10.2478/v10229-011-0002-8",
  number	= "1",
  journal	= "Journal of Artificial General Intelligence",
  publisher	= "Walter de Gruyter GmbH",
  author	= "Marcus Hutter",
  year		= "2009",
  month		= jan,
localfile     = "Feature Reinforcement Learning: Part I. Unstructured MDPs.pdf"
}

@Article{	  Feldt.Poulding:2013,
  title		= "Finding test data with specific properties via
		  metaheuristic search",
  isbn		= "http://id.crossref.org/isbn/978-1-4799-2366-3",
  doi		= "10.1109/issre.2013.6698888",
  journal	= "2013 IEEE 24th International Symposium on Software
		  Reliability Engineering (ISSRE)",
  publisher	= "Institute of Electrical & Electronics Engineers (IEEE)",
  author	= "Robert Feldt and Simon Poulding",
  year		= "2013",
  month		= nov,
localfile     = "feldt_poulding_2013_finding_test_data_with_specific_properties.pdf"
}

@Article{	  HINZE.PATERSON:2005,
  title		= "Finger trees: a simple general-purpose data structure",
  volume	= "16",
  issn		= "1469-7653",
  doi		= "10.1017/s0956796805005769",
  number	= "02",
  journal	= "Journal of Functional Programming",
  publisher	= "Cambridge University Press (CUP)",
  author	= "RALF HINZE and ROSS PATERSON",
  year		= "2005",
  month		= nov,
  pages		= "197",
localfile     = "FingerTree.pdf"
}

@Article{	  Birkedal.Møgelberg.Schwinghammer.ea:2012,
  title		= "First steps in synthetic guarded domain theory:
		  step-indexing in the topos of trees",
  volume	= "8",
  issn		= "1860-5974",
  doi		= "10.2168/lmcs-8(4:1)2012",
  number	= "4",
  journal	= "Log.Meth.Comput.Sci.",
  publisher	= "Logical Methods in Computer Science",
  author	= "Lars Birkedal and Rasmus Møgelberg and Jan Schwinghammer
		  and Kristian Støvring",
  editor	= "PatrickEditor Baillot",
  year		= "2012",
localfile     = "First Steps in Synthetic Guarded Domain Theory: Step-Indexing in the Topos of Trees.pdf"
}

@Article{	  Floater.Hormann:2007,
  title		= "Barycentric rational interpolation with no poles and high
		  rates of approximation",
  volume	= "107",
  issn		= "0945-3245",
  doi		= "10.1007/s00211-007-0093-y",
  number	= "2",
  journal	= "Numerische Mathematik",
  publisher	= "Springer Science + Business Media",
  author	= "Michael S. Floater and Kai Hormann",
  year		= "2007",
  month		= jun,
  pages		= "315–331",
localfile     = "Floater.2007.BRI.pdf"
}

@Article{	  Ohori:1999,
  title		= "The Logical Abstract Machine: A Curry-Howard Isomorphism
		  for Machine Code",
  isbn		= "http://id.crossref.org/isbn/978-3-540-47950-5",
  issn		= "1611-3349",
  doi		= "10.1007/10705424_20",
  journal	= "Lecture Notes in Computer Science",
  publisher	= "Springer Science + Business Media",
  author	= "Atsushi Ohori",
  year		= "1999",
  pages		= "300–318",
localfile     = "flops99.pdf"
}

@Article{	  Wille:2005,
  title		= "Formal Concept Analysis as Mathematical Theory of Concepts
		  and Concept Hierarchies",
  isbn		= "http://id.crossref.org/isbn/978-3-540-31881-1",
  issn		= "1611-3349",
  doi		= "10.1007/11528784_1",
  journal	= "Lecture Notes in Computer Science",
  publisher	= "Springer Science + Business Media",
  author	= "Rudolf Wille",
  year		= "2005",
  pages		= "1–33",
  localfile     = "formalconcept-wille.pdf"
}

@Article{	  Traeger.Zadok.Joukov.ea:2008,
  title		= "A nine year study of file system and storage benchmarking",
  volume	= "4",
  issn		= "1553-3077",
  doi		= "10.1145/1367829.1367831",
  number	= "2",
  journal	= "ACM Transactions on Storage",
  publisher	= "Association for Computing Machinery (ACM)",
  author	= "Avishay Traeger and Erez Zadok and Nikolai Joukov and
		  Charles P. Wright",
  year		= "2008",
  month		= may,
  pages		= "1–56",
  localfile     = "fsbench.pdf"
}

@Article{	  Binard.Felty:2008,
  title		= "Genetic programming with polymorphic types and
		  higher-order functions",
  isbn		= "http://id.crossref.org/isbn/9781605581309",
  doi		= "10.1145/1389095.1389330",
  journal	= "Proceedings of the 10th annual conference on Genetic and
		  evolutionary computation - GECCO ’08",
  publisher	= "Association for Computing Machinery (ACM)",
  author	= "Franck Binard and Amy Felty",
  year		= "2008",
  localfile     = "gecco08.pdf"
}

@Article{	  Schaul.Glasmachers.Schmidhuber:2011,
  title		= "High dimensions and heavy tails for natural evolution
		  strategies",
  isbn		= "http://id.crossref.org/isbn/9781450305570",
  doi		= "10.1145/2001576.2001692",
  journal	= "Proceedings of the 13th annual conference on Genetic and
		  evolutionary computation - GECCO ’11",
  publisher	= "Association for Computing Machinery (ACM)",
  author	= "Tom Schaul and Tobias Glasmachers and Jürgen Schmidhuber",
  year		= "2011",
  localfile     = "gecco2011snes.pdf"
}

@Article{	  Levy:2008,
  title		= "Global State Considered Helpful",
  volume	= "218",
  issn		= "1571-0661",
  doi		= "10.1016/j.entcs.2008.10.015",
  journal	= "Electronic Notes in Theoretical Computer Science",
  publisher	= "Elsevier BV",
  author	= "Paul Blain Levy",
  year		= "2008",
  month		= oct,
  pages		= "241–259",
  localfile     = "globalhelp.pdf"
}

@Article{	  Genest.Muscholl.Serre.ea:2008,
  title		= "Tree Pattern Rewriting Systems",
  isbn		= "http://id.crossref.org/isbn/978-3-540-88387-6",
  issn		= "1611-3349",
  doi		= "10.1007/978-3-540-88387-6_29",
  journal	= "Lecture Notes in Computer Science",
  publisher	= "Springer Science + Business Media",
  author	= "Blaise Genest and Anca Muscholl and Olivier Serre and Marc
		  Zeitoun",
  year		= "2008",
  pages		= "332–346",
  localfile     = "GMSZ08.pdf"
}

@Article{	  Goguen.McBride.McKinna:2006,
  title		= "Eliminating Dependent Pattern Matching",
  isbn		= "http://id.crossref.org/isbn/978-3-540-35464-2",
  issn		= "1611-3349",
  doi		= "10.1007/11780274_27",
  journal	= "Lecture Notes in Computer Science",
  publisher	= "Springer Science + Business Media",
  author	= "Healfdene Goguen and Conor McBride and James McKinna",
  year		= "2006",
  pages		= "521–540",
  localfile     = "goguen2006.pdf"
}

@Article{	  Page.Gamboa:2013,
  title		= "How Computers Work: Computational Thinking for Everyone",
  volume	= "106",
  issn		= "2075-2180",
  doi		= "10.4204/eptcs.106.1",
  journal	= "EPTCS",
  publisher	= "Open Publishing Association",
  author	= "Rex Page and Ruben Gamboa",
  year		= "2013",
  month		= jan,
  pages		= "1–19",
  localfile     = "hcwtfpie2012.pdf"
}

@Article{	  Hinton.Dayan.Frey.ea:1995,
  title		= "The “wake-sleep” algorithm for unsupervised neural
		  networks",
  volume	= "268",
  issn		= "1095-9203",
  doi		= "10.1126/science.7761831",
  number	= "5214",
  journal	= "Science",
  publisher	= "American Association for the Advancement of Science
		  (AAAS)",
  author	= "G. Hinton and P Dayan and B. Frey and R. Neal",
  year		= "1995",
  month		= may,
  pages		= "1158–1161",
  localfile     = "hdfn95.pdf"
}

@Article{	  Ochoa.Özcan:2010,
  title		= "Special issue on hyper-heuristics in search
		  and optimization",
  volume	= "16",
  issn		= "1572-9397",
  doi		= "10.1007/s10732-010-9147-x",
  number	= "6",
  journal	= "J Heuristics",
  publisher	= "Springer Science + Business Media",
  author	= "Gabriela Ochoa and Ender Özcan",
  year		= "2010",
  month		= oct,
  pages		= "745–748",
  localfile     = "HHSpecialIssueJoH.pdf"
}

@Article{	  Harrison:2006,
  title		= "Towards Self-verification of HOL Light",
  isbn		= "http://id.crossref.org/isbn/978-3-540-37188-5",
  issn		= "1611-3349",
  doi		= "10.1007/11814771_17",
  journal	= "Lecture Notes in Computer Science",
  publisher	= "Springer Science + Business Media",
  author	= "John Harrison",
  year		= "2006",
  pages		= "177–191",
  localfile     = "holhol.pdf"
}

@Article{	  Masci.Meier.Cireşan.ea:2011,
  title		= "Stacked Convolutional Auto-Encoders for Hierarchical
		  Feature Extraction",
  isbn		= "http://id.crossref.org/isbn/978-3-642-21735-7",
  issn		= "1611-3349",
  doi		= "10.1007/978-3-642-21735-7_7",
  journal	= "Artificial Neural Networks and Machine Learning – ICANN
		  2011",
  publisher	= "Springer Science + Business Media",
  author	= "Jonathan Masci and Ueli Meier and Dan Cireşan and Jürgen
		  Schmidhuber",
  year		= "2011",
  pages		= "52–59",
  localfile     = "icann2011.pdf"
}

@Article{	  Cuccu.Luciw.Schmidhuber.ea:2011,
  title		= "Intrinsically motivated neuroevolution for vision-based
		  reinforcement learning",
  isbn		= "http://id.crossref.org/isbn/978-1-61284-989-8",
  doi		= "10.1109/devlrn.2011.6037324",
  journal	= "2011 IEEE International Conference on Development and
		  Learning (ICDL)",
  publisher	= "Institute of Electrical & Electronics Engineers (IEEE)",
  author	= "Giuseppe Cuccu and Matthew Luciw and Jurgen Schmidhuber
		  and Faustino Gomez",
  year		= "2011",
  month		= aug,
  localfile     = "icdl11-cuccu.pdf"
}

@Article{	  Hester.Stone:2012,
  title		= "Intrinsically motivated model learning for a developing
		  curious agent",
  isbn		= "http://id.crossref.org/isbn/978-1-4673-4963-5",
  doi		= "10.1109/devlrn.2012.6400802",
  journal	= "2012 IEEE International Conference on Development and
		  Learning and Epigenetic Robotics (ICDL)",
  publisher	= "Institute of Electrical & Electronics Engineers (IEEE)",
  author	= "Todd Hester and Peter Stone",
  year		= "2012",
  month		= nov,
  localfile     = "ICDL12-hester.pdf"
}

@Article{	  Chen.Xi:2005,
  title		= "Combining programming with theorem proving",
  volume	= "40",
  issn		= "0362-1340",
  doi		= "10.1145/1090189.1086375",
  number	= "9",
  journal	= "SIGPLAN Not.",
  publisher	= "Association for Computing Machinery (ACM)",
  author	= "Chiyan Chen and Hongwei Xi",
  year		= "2005",
  month		= sep,
  pages		= "66",
  localfile     = "icfp05.pdf"
}

@Article{	  Krishnaswami.Benton:2011,
  title		= "A semantic model for graphical user interfaces",
  volume	= "46",
  issn		= "0362-1340",
  doi		= "10.1145/2034574.2034782",
  number	= "9",
  journal	= "SIGPLAN Not.",
  publisher	= "Association for Computing Machinery (ACM)",
  author	= "Neelakantan R. Krishnaswami and Nick Benton",
  year		= "2011",
  month		= sep,
  pages		= "45",
  localfile     = "icfp11-krishnaswami-benton.pdf"
}

@Article{	  Chapman.Dagand.McBride.ea:2010,
  title		= "The gentle art of levitation",
  volume	= "45",
  issn		= "0362-1340",
  doi		= "10.1145/1932681.1863547",
  number	= "9",
  journal	= "SIGPLAN Not.",
  publisher	= "Association for Computing Machinery (ACM)",
  author	= "James Chapman and Pierre-Évariste Dagand and Conor
		  McBride and Peter Morris",
  year		= "2010",
  month		= sep,
  pages		= "3",
  localfile     = "icfp23l-dagand.pdf"
}

@Article{	  Lee.Grosse.Ranganath.ea:2009,
  title		= "Convolutional deep belief networks for scalable
		  unsupervised learning of hierarchical representations",
  isbn		= "http://id.crossref.org/isbn/9781605585161",
  doi		= "10.1145/1553374.1553453",
  journal	= "Proceedings of the 26th Annual International Conference on
		  Machine Learning - ICML ’09",
  publisher	= "Association for Computing Machinery (ACM)",
  author	= "Honglak Lee and Roger Grosse and Rajesh Ranganath and
		  Andrew Y. Ng",
  year		= "2009",
  localfile     = "icml09-cdbn.pdf"
}

@Article{	  Jong.Pollack:2004,
  title		= "Ideal Evaluation from Coevolution",
  volume	= "12",
  issn		= "1530-9304",
  doi		= "10.1162/106365604773955139",
  number	= "2",
  journal	= "Evolutionary Computation",
  publisher	= "MIT Press - Journals",
  author	= "Edwin D. de Jong and Jordan B. Pollack",
  year		= "2004",
  month		= jun,
  pages		= "159–192",
  localfile     = "ideal evaluation from coevolution.pdf"
}

@Article{	  Navarro.Voronkov:2008,
  title		= "Proof Systems for Effectively Propositional Logic",
  isbn		= "http://id.crossref.org/isbn/978-3-540-71070-7",
  issn		= "1611-3349",
  doi		= "10.1007/978-3-540-71070-7_36",
  journal	= "Lecture Notes in Computer Science",
  publisher	= "Springer Science + Business Media",
  author	= "Juan Antonio Navarro and Andrei Voronkov",
  year		= "2008",
  pages		= "426–440",
  localfile     = "ijcar08.pdf"
}

@Article{	  Bonacina.Johansson:2011,
  title		= "On Interpolation in Decision Procedures",
  isbn		= "http://id.crossref.org/isbn/978-3-642-22119-4",
  issn		= "1611-3349",
  doi		= "10.1007/978-3-642-22119-4_1",
  journal	= "Automated Reasoning with Analytic Tableaux and Related
		  Methods",
  publisher	= "Springer Science + Business Media",
  author	= "Maria Paola Bonacina and Moa Johansson",
  year		= "2011",
  pages		= "1–16",
  localfile     = "interpolationTABLEAUX2011.pdf"
}

@Article{	  Fredriksson.Grabowski:2009,
  title		= "Fast Convolutions and Their Applications in Approximate
		  String Matching",
  isbn		= "http://id.crossref.org/isbn/978-3-642-10217-2",
  issn		= "1611-3349",
  doi		= "10.1007/978-3-642-10217-2_26",
  journal	= "Combinatorial Algorithms",
  publisher	= "Springer Science + Business Media",
  author	= "Kimmo Fredriksson and Szymon Grabowski",
  year		= "2009",
  pages		= "254–265",
  localfile     = "iwoca09.pdf"
}

@Article{	  OKASAKI:1998,
  title		= "Even higher-order functions for parsing or Why would
		  anyone ever want to use a sixth-order function?",
  volume	= "8",
  issn		= "0956-7968",
  doi		= "10.1017/s0956796898003001",
  number	= "2",
  journal	= "Journal of Functional Programming",
  publisher	= "Cambridge University Press (CUP)",
  author	= "CHRIS OKASAKI",
  year		= "1998",
  month		= mar,
  pages		= "195–199",
  localfile     = "jfp98sixth.pdf"
}

@Article{	  KENNEDY.VYTINIOTIS:2012,
  title		= "Every bit counts: The binary representation of typed data
		  and programs",
  volume	= "22",
  issn		= "1469-7653",
  doi		= "10.1017/s0956796812000263",
  number	= "4-5",
  journal	= "Journal of Functional Programming",
  publisher	= "Cambridge University Press (CUP)",
  author	= "ANDREW J. KENNEDY and DIMITRIOS VYTINIOTIS",
  year		= "2012",
  month		= aug,
  pages		= "529–573",
  localfile     = "jfpcoding.pdf"
}

@Article{	  Marques-Silva.Sakallah:1999,
  title		= "GRASP: a search algorithm for propositional
		  satisfiability",
  volume	= "48",
  issn		= "0018-9340",
  doi		= "10.1109/12.769433",
  number	= "5",
  journal	= "IEEE Trans. Comput.",
  publisher	= "Institute of Electrical & Electronics Engineers (IEEE)",
  author	= "J. P. Marques-Silva and K. A. Sakallah",
  year		= "1999",
  month		= may,
  pages		= "506–521",
  localfile     = "jpms-tcomp99.pdf"
}

@Article{	  Levy:2006,
  title		= "Jumbo λ-Calculus",
  isbn		= "http://id.crossref.org/isbn/978-3-540-35908-1",
  issn		= "1611-3349",
  doi		= "10.1007/11787006_38",
  journal	= "Lecture Notes in Computer Science",
  publisher	= "Springer Science + Business Media",
  author	= "Paul Blain Levy",
  year		= "2006",
  pages		= "444–455",
  localfile     = "jumboicalp.pdf"
}

@Article{	  KANSO.SETZER:2014,
  title		= "A light-weight integration of automated and interactive
		  theorem proving",
  issn		= "1469-8072",
  doi		= "10.1017/s0960129514000140",
  journal	= "Math. Struct. Comp. Sci.",
  publisher	= "Cambridge University Press (CUP)",
  author	= "KARIM KANSO and ANTON SETZER",
  year		= "2014",
  month		= nov,
  pages		= "1–25",
  localfile     = "kansoSetzerLightweightIntegrationATPITP.pdf"
}

@Article{	  Keep.Hearn.Dybvig:2012,
  title		= "Optimizing closures in O(0) time",
  isbn		= "http://id.crossref.org/isbn/9781450318952",
  doi		= "10.1145/2661103.2661106",
  journal	= "Proceedings of the 2012 Annual Workshop on Scheme and
		  Functional Programming - Scheme ’12",
  publisher	= "Association for Computing Machinery (ACM)",
  author	= "Andrew W. Keep and Alex Hearn and R. Kent Dybvig",
  year		= "2012",
  localfile     = "keep-hearn-dybvig-paper-sfp12.pdf"
}

@Article{	  Huang:2009,
  title		= "Semantic P2P Network for e-Business",
  isbn		= "http://id.crossref.org/isbn/978-0-7695-3859-4",
  doi		= "10.1109/iita.2009.449",
  journal	= "2009 Third International Symposium on Intelligent
		  Information Technology Application",
  publisher	= "Institute of Electrical & Electronics Engineers (IEEE)",
  author	= "Lican Huang",
  year		= "2009",
  localfile     = "Keynote-licanhuang.pdf"
}

@Article{	  Ray.Posnett.Filkov.ea:2014,
  title		= "A large scale study of programming languages and code
		  quality in github",
  isbn		= "http://id.crossref.org/isbn/9781450330565",
  doi		= "10.1145/2635868.2635922",
  journal	= "Proceedings of the 22nd ACM SIGSOFT International
		  Symposium on Foundations of Software Engineering - FSE
		  2014",
  publisher	= "Association for Computing Machinery (ACM)",
  author	= "Baishakhi Ray and Daryl Posnett and Vladimir Filkov and
		  Premkumar Devanbu",
  year		= "2014",
  localfile     = "lang_study.pdf"
}

@Article{	  Rosencrantz.Gordon.Thrun:2004,
  title		= "Learning low dimensional predictive representations",
  isbn		= "http://id.crossref.org/isbn/1581138285",
  doi		= "10.1145/1015330.1015441",
  journal	= "Twenty-first international conference on Machine learning
		  - ICML ’04",
  publisher	= "Association for Computing Machinery (ACM)",
  author	= "Matthew Rosencrantz and Geoff Gordon and Sebastian Thrun",
  year		= "2004",
  localfile     = "Learning Low Dimensional Predictive Representations.pdf"
}

@Article{	  Gonthier.Ziliani.Nanevski.ea:2011,
  title		= "How to make ad hoc proof automation less ad hoc",
  volume	= "46",
  issn		= "0362-1340",
  doi		= "10.1145/2034574.2034798",
  number	= "9",
  journal	= "SIGPLAN Not.",
  publisher	= "Association for Computing Machinery (ACM)",
  author	= "Georges Gonthier and Beta Ziliani and Aleksandar Nanevski
		  and Derek Dreyer",
  year		= "2011",
  month		= sep,
  pages		= "163",
  localfile     = "lessadhoc.pdf"
}

@Article{	  McBride:2009,
  title		= "Let’s See How Things Unfold: Reconciling the Infinite
		  with the Intensional (Extended Abstract)",
  isbn		= "http://id.crossref.org/isbn/978-3-642-03741-2",
  issn		= "1611-3349",
  doi		= "10.1007/978-3-642-03741-2_9",
  journal	= "Lecture Notes in Computer Science",
  publisher	= "Springer Science + Business Media",
  author	= "Conor McBride",
  year		= "2009",
  pages		= "113–126",
  localfile     = "Let's See How Things Unfold: Reconciling the Infinite with the Intensional.pdf"
}

@Article{	  Licata.Harper:2012,
  title		= "Canonicity for 2-dimensional type theory",
  volume	= "47",
  issn		= "0362-1340",
  doi		= "10.1145/2103621.2103697",
  number	= "1",
  journal	= "SIGPLAN Not.",
  publisher	= "Association for Computing Machinery (ACM)",
  author	= "Daniel R. Licata and Robert Harper",
  year		= "2012",
  month		= jan,
  pages		= "337",
  localfile     = "lh122tt-final.pdf"
}

@Article{	  Claessen.Johansson.Rosén.ea:2013,
  title		= "Automating Inductive Proofs Using Theory Exploration",
  isbn		= "http://id.crossref.org/isbn/978-3-642-38574-2",
  issn		= "1611-3349",
  doi		= "10.1007/978-3-642-38574-2_27",
  journal	= "Lecture Notes in Computer Science",
  publisher	= "Springer Science + Business Media",
  author	= "Koen Claessen and Moa Johansson and Dan Rosén and
		  Nicholas Smallbone",
  year		= "2013",
  pages		= "392–406",
  localfile     = "local_175485.pdf"
}

@Article{	  Heras.Komendantskaya.Johansson.ea:2013,
  title		= "Proof-Pattern Recognition and Lemma Discovery in ACL2",
  isbn		= "http://id.crossref.org/isbn/978-3-642-45221-5",
  issn		= "1611-3349",
  doi		= "10.1007/978-3-642-45221-5_27",
  journal	= "Lecture Notes in Computer Science",
  publisher	= "Springer Science + Business Media",
  author	= "Jónathan Heras and Ekaterina Komendantskaya and Moa
		  Johansson and Ewen Maclean",
  year		= "2013",
  pages		= "389–406",
  localfile     = "lpar2013.pdf"
}

@Article{	  Heras.Komendantskaya.Johansson.ea:2013,
  title		= "Proof-Pattern Recognition and Lemma Discovery in ACL2",
  isbn		= "http://id.crossref.org/isbn/978-3-642-45221-5",
  issn		= "1611-3349",
  doi		= "10.1007/978-3-642-45221-5_27",
  journal	= "Lecture Notes in Computer Science",
  publisher	= "Springer Science + Business Media",
  author	= "Jónathan Heras and Ekaterina Komendantskaya and Moa
		  Johansson and Ewen Maclean",
  year		= "2013",
  pages		= "389–406",
  localfile     = "lpar.pdf"
}

@Article{	  Lucanu.Roşu:2007,
  title		= "CIRC: A Circular Coinductive Prover",
  isbn		= "http://id.crossref.org/isbn/978-3-540-73857-2",
  doi		= "10.1007/978-3-540-73859-6_25",
  journal	= "Lecture Notes in Computer Science",
  publisher	= "Springer Science + Business Media",
  author	= "Dorel Lucanu and Grigore Roşu",
  year		= "2007",
  pages		= "372–378",
  localfile     = "lucanu-rosu-2007-calco.pdf"
}

@Article{	  Hinze:2004,
  title		= "Generics for the masses",
  volume	= "39",
  issn		= "0362-1340",
  doi		= "10.1145/1016848.1016882",
  number	= "9",
  journal	= "SIGPLAN Not.",
  publisher	= "Association for Computing Machinery (ACM)",
  author	= "Ralf Hinze",
  year		= "2004",
  month		= sep,
  pages		= "236",
  localfile     = "Masses.pdf"
}

@Article{	  Mazzolai.Laschi.Dario.ea:2010,
  title		= "The plant as a biomechatronic system",
  volume	= "5",
  issn		= "1559-2324",
  doi		= "10.4161/psb.5.2.10457",
  number	= "2",
  journal	= "Plant Signaling & Behavior",
  publisher	= "Informa UK Limited",
  author	= "Barbara Mazzolai and Cecilia Laschi and Paolo Dario and
		  Sergio Mugnai and Stefano Mancuso",
  year		= "2010",
  month		= feb,
  pages		= "90–93",
  localfile     = "MazzolaiPSB5-2.pdf"
}

@Article{	  McMinn:2004,
  title		= "Search-based software test data generation: a survey",
  volume	= "14",
  issn		= "1099-1689",
  doi		= "10.1002/stvr.294",
  number	= "2",
  journal	= "Softw. Test. Verif. Reliab.",
  publisher	= "Wiley-Blackwell",
  author	= "Phil McMinn",
  year		= "2004",
  month		= may,
  pages		= "105–156",
  localfile     = "mccminnsurvey.pdf"
}

@Article{	  Gelly.Silver:2011,
  title		= "Monte-Carlo tree search and rapid action value estimation
		  in computer Go",
  volume	= "175",
  issn		= "0004-3702",
  doi		= "10.1016/j.artint.2011.03.007",
  number	= "11",
  journal	= "Artificial Intelligence",
  publisher	= "Elsevier BV",
  author	= "Sylvain Gelly and David Silver",
  year		= "2011",
  month		= jul,
  pages		= "1856–1875",
  localfile     = "mcrave.pdf"
}

@Article{	  Keogh.Lin.Truppel:2003,
  title		= "Clustering of time series subsequences is meaningless:
		  implications for previous and future research",
  isbn		= "http://id.crossref.org/isbn/0-7695-1978-4",
  doi		= "10.1109/icdm.2003.1250910",
  journal	= "Third IEEE International Conference on Data Mining",
  publisher	= "Institute of Electrical & Electronics Engineers (IEEE)",
  author	= "E. Keogh and J. Lin and W. Truppel",
  year		= "2003",
  localfile     = "meaningless.pdf"
}

@Article{	  Zilberstein:2011,
  title		= "Metareasoning and Bounded Rationality",
  isbn		= "http://id.crossref.org/isbn/9780262014809",
  doi		= "10.7551/mitpress/9780262014809.003.0003",
  journal	= "Thinking about Thinking",
  publisher	= "MIT Press - Journals",
  author	= "Shlomo Zilberstein",
  year		= "2011",
  month		= mar,
  pages		= "27–40",
  localfile     = "Metareasoning and Bounded Rationality.pdf"
}

@Article{	  Bird.Rigby.Barr.ea:2009,
  title		= "The promises and perils of mining git",
  isbn		= "http://id.crossref.org/isbn/978-1-4244-3493-0",
  doi		= "10.1109/msr.2009.5069475",
  journal	= "2009 6th IEEE International Working Conference on Mining
		  Software Repositories",
  publisher	= "Institute of Electrical & Electronics Engineers (IEEE)",
  author	= "Christian Bird and Peter C. Rigby and Earl T. Barr and
		  David J. Hamilton and Daniel M. German and Prem Devanbu",
  year		= "2009",
  month		= may,
  localfile     = "MiningGit_MSR2009.pdf"
}

@Article{	  Maranget:2008,
  title		= "Compiling pattern matching to good decision trees",
  isbn		= "http://id.crossref.org/isbn/9781605580623",
  doi		= "10.1145/1411304.1411311",
  journal	= "Proceedings of the 2008 ACM SIGPLAN workshop on ML - ML
		  ’08",
  publisher	= "Association for Computing Machinery (ACM)",
  author	= "Luc Maranget",
  year		= "2008",
  localfile     = "ml05e-maranget.pdf"
}

@Article{	  Mouret.Doncieux:2009,
  title		= "Using behavioral exploration objectives to solve deceptive
		  problems in neuro-evolution",
  isbn		= "http://id.crossref.org/isbn/9781605583259",
  doi		= "10.1145/1569901.1569988",
  journal	= "Proceedings of the 11th Annual conference on Genetic and
		  evolutionary computation - GECCO ’09",
  publisher	= "Association for Computing Machinery (ACM)",
  author	= "Jean-Baptiste Mouret and Stéphane Doncieux",
  year		= "2009",
  localfile     = "mouret.pdf"
}

@Article{	  Sjöberg.Casinghino.Ahn.ea:2012,
  title		= "Irrelevance, Heterogeneous Equality, and Call-by-value
		  Dependent Type Systems",
  volume	= "76",
  issn		= "2075-2180",
  doi		= "10.4204/eptcs.76.9",
  journal	= "EPTCS",
  publisher	= "Open Publishing Association",
  author	= "Vilhelm Sjöberg and Chris Casinghino and Ki Yung Ahn and
		  Nathan Collins and Harley D. {Eades III} and Peng Fu and
		  Garrin Kimmell and Tim Sheard and Aaron Stump and Stephanie
		  Weirich",
  year		= "2012",
  month		= feb,
  pages		= "112–162",
  localfile     = "msfp12prog.pdf"
}

@Article{	  McCasland.Bundy:2006,
  title		= "MATHsAiD: A Mathematical Theorem Discovery Tool",
  isbn		= "http://id.crossref.org/isbn/0-7695-2740-X",
  doi		= "10.1109/synasc.2006.51",
  journal	= "2006 Eighth International Symposium on Symbolic and
		  Numeric Algorithms for Scientific Computing",
  publisher	= "Institute of Electrical & Electronics Engineers (IEEE)",
  author	= "Roy McCasland and Alan Bundy",
  year		= "2006",
  month		= sep,
  localfile     = "MTDT.pdf"
}

@Article{	  McCasland.Bundy:2006,
  title		= "MATHsAiD: A Mathematical Theorem Discovery Tool",
  isbn		= "http://id.crossref.org/isbn/0-7695-2740-X",
  doi		= "10.1109/synasc.2006.51",
  journal	= "2006 Eighth International Symposium on Symbolic and
		  Numeric Algorithms for Scientific Computing",
  publisher	= "Institute of Electrical & Electronics Engineers (IEEE)",
  author	= "Roy McCasland and Alan Bundy",
  year		= "2006",
  month		= sep,
  localfile     = "mtdtrevised.pdf"
}

@Article{	  Leavens.Millstein:1998,
  title		= "Multiple dispatch as dispatch on Tuples",
  volume	= "33",
  issn		= "0362-1340",
  doi		= "10.1145/286942.286977",
  number	= "10",
  journal	= "SIGPLAN Not.",
  publisher	= "Association for Computing Machinery (ACM)",
  author	= "Gary T. Leavens and Todd D. Millstein",
  year		= "1998",
  month		= oct,
  pages		= "374–387",
  localfile     = "Multiple Dispatch as Dispatch on Tuples.pdf"
}

@Article{	  Schmidhuber:2012,
  title		= "New Millennium AI and the Convergence of History: Update
		  of 2012",
  isbn		= "http://id.crossref.org/isbn/978-3-642-32560-1",
  issn		= "1612-3018",
  doi		= "10.1007/978-3-642-32560-1_4",
  journal	= "Singularity Hypotheses",
  publisher	= "Springer Science + Business Media",
  author	= "Jürgen Schmidhuber",
  year		= "2012",
  pages		= "61–82",
  localfile     = "New Millennium AI and the Convergence of History: Update of 2012.pdf"
}

@Article{	  Nie.Leung:2011,
  title		= "A survey of combinatorial testing",
  volume	= "43",
  issn		= "0360-0300",
  doi		= "10.1145/1883612.1883618",
  number	= "2",
  journal	= "ACM Computing Surveys",
  publisher	= "Association for Computing Machinery (ACM)",
  author	= "Changhai Nie and Hareton Leung",
  year		= "2011",
  month		= jan,
  pages		= "1–29",
  localfile     = "Nie - Combinatorial Testing - 2012.pdf"
}

@Article{	  Tracey.Clark.Mander:1998,
  title		= "Automated program flaw finding using simulated annealing",
  volume	= "23",
  issn		= "0163-5948",
  doi		= "10.1145/271775.271792",
  number	= "2",
  journal	= "ACM SIGSOFT Software Engineering Notes",
  publisher	= "Association for Computing Machinery (ACM)",
  author	= "Nigel Tracey and John Clark and Keith Mander",
  year		= "1998",
  month		= mar,
  pages		= "73–81",
  localfile     = "njt_mar98.pdf"
}

@Article{	  Frost:2006,
  title		= "Realization of natural language interfaces using lazy
		  functional programming",
  volume	= "38",
  issn		= "0360-0300",
  doi		= "10.1145/1177352.1177353",
  number	= "4",
  journal	= "ACM Computing Surveys",
  publisher	= "Association for Computing Machinery (ACM)",
  author	= "Richard A. Frost",
  year		= "2006",
  month		= dec,
  pages		= "11–es",
  localfile     = "NLI_LFP_SURVEY_DRAFT.pdf"
}

@Article{	  Hestenes:2003,
  title		= "Oersted Medal Lecture 2002: Reforming the mathematical
		  language of physics",
  volume	= "71",
  issn		= "0002-9505",
  doi		= "10.1119/1.1522700",
  number	= "2",
  journal	= "American Journal of Physics",
  publisher	= "American Association of Physics Teachers (AAPT)",
  author	= "David Hestenes",
  year		= "2003",
  pages		= "104",
  localfile     = "Oersted Medal Lecture 2002: Reforming the Mathematical Language of Physics.pdf"
}

@Article{	  Ricciotti:2015,
  title		= "Binding Structures as an Abstract Data Type",
  isbn		= "http://id.crossref.org/isbn/978-3-662-46669-8",
  issn		= "1611-3349",
  doi		= "10.1007/978-3-662-46669-8_31",
  journal	= "Lecture Notes in Computer Science",
  publisher	= "Springer Science + Business Media",
  author	= "Wilmer Ricciotti",
  year		= "2015",
  pages		= "762–786",
  localfile     = "onbinding_esop.pdf"
}

@Article{	  Ukkonen:1995,
  title		= "On-line construction of suffix trees",
  volume	= "14",
  issn		= "1432-0541",
  doi		= "10.1007/bf01206331",
  number	= "3",
  journal	= "Algorithmica",
  publisher	= "Springer Science + Business Media",
  author	= "E. Ukkonen",
  year		= "1995",
  month		= sep,
  pages		= "249–260",
  localfile     = "On-line Construction of Suffix Trees.pdf"
}

@Article{	  Verlinde:2011,
  title		= "On the origin of gravity and the laws of Newton",
  volume	= "2011",
  issn		= "1029-8479",
  doi		= "10.1007/jhep04(2011)029",
  number	= "4",
  journal	= "J. High Energ. Phys.",
  publisher	= "Springer Science + Business Media",
  author	= "Erik Verlinde",
  year		= "2011",
  month		= apr,
  localfile     = "OnTheOriginOfGraviyAndTheLawsOfNewton.pdf"
}

@Article{	  Pitts:1997,
  title		= "Operationally-Based Theories of Program Equivalence",
  isbn		= "http://id.crossref.org/isbn/9780521118460",
  doi		= "10.1017/cbo9780511526619.007",
  journal	= "Semantics and Logics of Computation",
  publisher	= "Cambridge University Press (CUP)",
  author	= "Andrew Pitts",
  editor	= "Andrew M. Pitts and P. Editors Dybjer",
  year		= "1997",
  pages		= "241–298",
  localfile     = "Operationally-Based Theories of Program Equivalence.pdf"
}

@Article{	  Reehuis.Olhofer.Emmerich.ea:2013,
  title		= "Novelty and interestingness measures for design-space
		  exploration",
  isbn		= "http://id.crossref.org/isbn/9781450319638",
  doi		= "10.1145/2463372.2463557",
  journal	= "Proceeding of the fifteenth annual conference on Genetic
		  and evolutionary computation conference - GECCO ’13",
  publisher	= "Association for Computing Machinery (ACM)",
  author	= "Edgar Reehuis and Markus Olhofer and Michael Emmerich and
		  Bernhard Sendhoff and Thomas Bäck",
  year		= "2013",
localfile     = "p1541.pdf"
}

@Article{	  Sehnke.Osendorfer.Rückstieß.ea:2010,
  title		= "Parameter-exploring policy gradients",
  volume	= "23",
  issn		= "0893-6080",
  doi		= "10.1016/j.neunet.2009.12.004",
  number	= "4",
  journal	= "Neural Networks",
  publisher	= "Elsevier BV",
  author	= "Frank Sehnke and Christian Osendorfer and Thomas
		  Rückstieß and Alex Graves and Jan Peters and Jürgen
		  Schmidhuber",
  year		= "2010",
  month		= may,
  pages		= "551–559",
localfile     = "Parameter-Exploring Policy Gradients.pdf"
}

@Article{	  Srivastava.Gulwani.Chaudhuri.ea:2012,
  title		= "Path-based inductive synthesis for program inversion",
  volume	= "47",
  issn		= "0362-1340",
  doi		= "10.1145/2345156.1993557",
  number	= "6",
  journal	= "SIGPLAN Not.",
  publisher	= "Association for Computing Machinery (ACM)",
  author	= "Saurabh Srivastava and Sumit Gulwani and Swarat Chaudhuri
		  and Jeffrey S. Foster",
  year		= "2012",
  month		= aug,
  pages		= "492",
localfile     = "Path-Based Inductive Synthesis for Program Inversion.pdf"
}

@Article{	  Pennachin.Goertzel:2007,
  title		= "Contemporary Approaches to Artificial General
		  Intelligence",
  isbn		= "http://id.crossref.org/isbn/978-3-540-23733-4",
  doi		= "10.1007/978-3-540-68677-4_1",
  journal	= "Cognitive Technologies",
  publisher	= "Springer Science + Business Media",
  author	= "Cassio Pennachin and Ben Goertzel",
  year		= "2007",
  pages		= "1–30",
localfile     = "Pennachin-Goertzel-Contemporary-Approaches-to-Artificial-General-Intelligence.pdf"
}

@Article{	  Kulkarni.Kohli.Tenenbaum.ea:2015,
  title		= "Picture: A probabilistic programming language for scene
		  perception",
  isbn		= "http://id.crossref.org/isbn/978-1-4673-6964-0",
  doi		= "10.1109/cvpr.2015.7299068",
  journal	= "2015 IEEE Conference on Computer Vision and Pattern
		  Recognition (CVPR)",
  publisher	= "Institute of Electrical & Electronics Engineers (IEEE)",
  author	= "Tejas D Kulkarni and Pushmeet Kohli and Joshua B Tenenbaum
		  and Vikash Mansinghka",
  year		= "2015",
  month		= jun,
localfile     = "Picture: A Probabilistic Programming Language for Scene Perception.pdf"
}

@Article{	  Tankink:2014,
  title		= "PIDE for Asynchronous Interaction with Coq",
  volume	= "167",
  issn		= "2075-2180",
  doi		= "10.4204/eptcs.167.9",
  journal	= "EPTCS",
  publisher	= "Open Publishing Association",
  author	= "Carst Tankink",
  year		= "2014",
  month		= oct,
  pages		= "73–83",
localfile     = "PIDEForAsyncCoq.pdf"
}

@Article{	  Tankink:2014,
  title		= "PIDE for Asynchronous Interaction with Coq",
  volume	= "167",
  issn		= "2075-2180",
  doi		= "10.4204/eptcs.167.9",
  journal	= "EPTCS",
  publisher	= "Open Publishing Association",
  author	= "Carst Tankink",
  year		= "2014",
  month		= oct,
  pages		= "73–83",
localfile     = "PIDE for Asynchronous Interaction with Coq.pdf"
}

@Article{	  Pelikan.Goldberg.Lobo:2000,
  title		= "A survey of optimization by building and using
		  probabilistic models",
  isbn		= "http://id.crossref.org/isbn/0-7803-5519-9",
  doi		= "10.1109/acc.2000.879173",
  journal	= "Proceedings of the 2000 American Control Conference. ACC
		  (IEEE Cat. No.00CH36334)",
  publisher	= "Institute of Electrical & Electronics Engineers (IEEE)",
  author	= "M. Pelikan and D. E. Goldberg and F. Lobo",
  year		= "2000",
localfile     = "pmbga-survey.pdf"
}

@Article{	  Voigtländer:2009,
  title		= "Bidirectionalization for free! (Pearl)",
  volume	= "44",
  issn		= "0362-1340",
  doi		= "10.1145/1594834.1480904",
  number	= "1",
  journal	= "SIGPLAN Not.",
  publisher	= "Association for Computing Machinery (ACM)",
  author	= "Janis Voigtländer",
  year		= "2009",
  month		= jan,
  pages		= "165",
localfile     = "popl09-2.pdf"
}

@Article{	  Brown.Palsberg:2015,
  title		= "Self-Representation in Girard’s System U",
  volume	= "50",
  issn		= "0362-1340",
  doi		= "10.1145/2775051.2676988",
  number	= "1",
  journal	= "SIGPLAN Not.",
  publisher	= "Association for Computing Machinery (ACM)",
  author	= "Matt Brown and Jens Palsberg",
  year		= "2015",
  month		= jan,
  pages		= "471–484",
localfile     = "popl15-full.pdf"
}

@Article{	  Potter:2007,
  title		= "What Can AI Get from Neuroscience?",
  isbn		= "http://id.crossref.org/isbn/978-3-540-77295-8",
  doi		= "10.1007/978-3-540-77296-5_17",
  journal	= "Lecture Notes in Computer Science",
  publisher	= "Springer Science + Business Media",
  author	= "Steve M. Potter",
  year		= "2007",
  pages		= "174–185",
localfile     = "Potter-NeuroscienceForAIchapter.pdf"
}

@Article{	  Powell:2009,
  title		= "What you should know about approximate dynamic
		  programming",
  volume	= "56",
  issn		= "1520-6750",
  doi		= "10.1002/nav.20347",
  number	= "3",
  journal	= "Naval Research Logistics",
  publisher	= "Wiley-Blackwell",
  author	= "Warren B. Powell",
  year		= "2009",
  month		= apr,
  pages		= "239–249",
localfile     = "Powell-NRLWhat you should know about approximate dynamic programming.pdf"
}

@Article{	  Katayama:2004,
  title		= "Power of Brute-Force Search in Strongly-Typed Inductive
		  Functional Programming Automation",
  isbn		= "http://id.crossref.org/isbn/978-3-540-28633-2",
  issn		= "1611-3349",
  doi		= "10.1007/978-3-540-28633-2_10",
  journal	= "Lecture Notes in Computer Science",
  publisher	= "Springer Science + Business Media",
  author	= "Susumu Katayama",
  year		= "2004",
  pages		= "75–84",
localfile     = "Power of Brute-Force Search in Strongly-Typed Inductive Functional Programming Automation.pdf"
}

@Article{	  Brady:2013,
  title		= "Programming and reasoning with algebraic effects and
		  dependent types",
  isbn		= "http://id.crossref.org/isbn/9781450323260",
  doi		= "10.1145/2500365.2500581",
  journal	= "Proceedings of the 18th ACM SIGPLAN international
		  conference on Functional programming - ICFP ’13",
  publisher	= "Association for Computing Machinery (ACM)",
  author	= "Edwin Brady",
  year		= "2013",
  localfile     = "Programming and Reasoning with Algebraic Effects and Dependent Types.pdf"
}

@Article{	  Noschinski:2012,
  title		= "Proof Pearl: A Probabilistic Proof for the Girth-Chromatic
		  Number Theorem",
  isbn		= "http://id.crossref.org/isbn/978-3-642-32347-8",
  issn		= "1611-3349",
  doi		= "10.1007/978-3-642-32347-8_27",
  journal	= "Lecture Notes in Computer Science",
  publisher	= "Springer Science + Business Media",
  author	= "Lars Noschinski",
  year		= "2012",
  pages		= "393–404",
  localfile     = "Proof Pearl: A Probabilistic Proof for the Girth-Chromatic Number Theorem.pdf"
}

@Article{	  Hurd:2007,
  title		= "Proof Pearl: The Termination Analysis of Terminator",
  isbn		= "http://id.crossref.org/isbn/978-3-540-74591-4",
  issn		= "1611-3349",
  doi		= "10.1007/978-3-540-74591-4_12",
  journal	= "Theorem Proving in Higher Order Logics",
  publisher	= "Springer Science + Business Media",
  author	= "Joe Hurd",
  year		= "2007",
  pages		= "151–156",
  localfile     = "Proof Pearl: The Termination Analysis of Terminator.pdf"
}

@Article{	  Marchi.Bittencourt:2004,
  title		= "Propositional Reasoning for an Embodied Cognitive Model",
  isbn		= "http://id.crossref.org/isbn/978-3-540-28645-5",
  issn		= "1611-3349",
  doi		= "10.1007/978-3-540-28645-5_17",
  journal	= "Lecture Notes in Computer Science",
  publisher	= "Springer Science + Business Media",
  author	= "Jerusa Marchi and Guilherme Bittencourt",
  year		= "2004",
  pages		= "164–173",
  localfile     = "Propositional Reasoning for an Embodied Cognitive Model.pdf"
}

@Article{	  Klyuchnikov.Romanenko:2010,
  title		= "Proving the Equivalence of Higher-Order Terms by Means of
		  Supercompilation",
  isbn		= "http://id.crossref.org/isbn/978-3-642-11486-1",
  issn		= "1611-3349",
  doi		= "10.1007/978-3-642-11486-1_17",
  journal	= "Lecture Notes in Computer Science",
  publisher	= "Springer Science + Business Media",
  author	= "Ilya Klyuchnikov and Sergei Romanenko",
  year		= "2010",
  pages		= "193–205",
  localfile     = "Proving the Equivalence of Higher-Order Terms by Means of Supercompilation.pdf"
}

@Article{	  Puchinger.Raidl:2005,
  title		= "Combining Metaheuristics and Exact Algorithms in
		  Combinatorial Optimization: A Survey and Classification",
  isbn		= "http://id.crossref.org/isbn/978-3-540-31673-2",
  issn		= "1611-3349",
  doi		= "10.1007/11499305_5",
  journal	= "Lecture Notes in Computer Science",
  publisher	= "Springer Science + Business Media",
  author	= "Jakob Puchinger and Günther R. Raidl",
  year		= "2005",
  pages		= "41–53",
  localfile     = "puchinger-05.pdf"
}

@Article{	  Pollock:2000,
  title		= "Rational Cognition in OSCAR",
  isbn		= "http://id.crossref.org/isbn/978-3-540-46467-9",
  issn		= "1611-3349",
  doi		= "10.1007/10719619_6",
  journal	= "Lecture Notes in Computer Science",
  publisher	= "Springer Science + Business Media",
  author	= "John L. Pollock",
  year		= "2000",
  pages		= "71–90",
  localfile     = "Rational-Cognition-in-OSCAR.pdf"
}

@Article{	  Zeilberger:2004,
  title		= "“Real” Analysis Is a Degenerate Case of Discrete
		  Analysis",
  isbn		= "http://id.crossref.org/isbn/978-0-203-57543-7",
  doi		= "10.1201/9780203575437.ch2",
  journal	= "Proceedings of the Sixth International Conference on
		  Difference Equations Augsburg, Germany 2001",
  publisher	= "Informa UK Limited",
  author	= "Doron Zeilberger",
  year		= "2004",
  month		= jun,
  pages		= "25–34",
localfile     = "real.pdf"
}

@Article{	  Mitchell:2010,
  title		= "Rethinking supercompilation",
  volume	= "45",
  issn		= "0362-1340",
  doi		= "10.1145/1932681.1863588",
  number	= "9",
  journal	= "SIGPLAN Not.",
  publisher	= "Association for Computing Machinery (ACM)",
  author	= "Neil Mitchell",
  year		= "2010",
  month		= sep,
  pages		= "309",
localfile     = "Rethinking Supercompilation.pdf"
}

@Article{	  Zhu.Xi:2005,
  title		= "Safe Programming with Pointers Through Stateful Views",
  isbn		= "http://id.crossref.org/isbn/978-3-540-30557-6",
  issn		= "1611-3349",
  doi		= "10.1007/978-3-540-30557-6_8",
  journal	= "Lecture Notes in Computer Science",
  publisher	= "Springer Science + Business Media",
  author	= "Dengping Zhu and Hongwei Xi",
  year		= "2005",
  pages		= "83–97",
  localfile     = "Safe Programming with Pointers Through Stateful Views.pdf"
}

@Article{	  Jin:2003,
  title		= "A comprehensive survey of fitness approximation in
		  evolutionary computation",
  volume	= "9",
  issn		= "1433-7479",
  doi		= "10.1007/s00500-003-0328-5",
  number	= "1",
  journal	= "Soft Computing",
  publisher	= "Springer Science + Business Media",
  author	= "Y. Jin",
  year		= "2003",
  month		= oct,
  pages		= "3–12",
  localfile     = "SC2005.pdf"
}

@Article{	  Hinze.Löh:2006,
  title		= "“Scrap Your Boilerplate” Revolutions",
  isbn		= "http://id.crossref.org/isbn/978-3-540-35632-5",
  issn		= "1611-3349",
  doi		= "10.1007/11783596_13",
  journal	= "Mathematics of Program Construction",
  publisher	= "Springer Science + Business Media",
  author	= "Ralf Hinze and Andres Löh",
  year		= "2006",
  pages		= "180–208",
  localfile     = "Scrap Your Boilerplate Revolutions.pdf"
}

@Article{	  Lorincz.Bardosi.Takacs:2010,
  title		= "Sketch of an AGI architecture with illustration",
  isbn		= "http://id.crossref.org/isbn/9789078677369",
  doi		= "10.2991/agi.2010.40",
  journal	= "Proceedings of the 3d Conference on Artificial General
		  Intelligence (AGI-10)",
  publisher	= "Atlantis Press",
  author	= "Andreas Lorincz and Zoltan R. Bardosi and Daniel Takacs",
  year		= "2010",
  localfile     = "Sketch of an AGI Architecture with Illustration.pdf"
}

@Article{	  Bolingbroke.Jones.Vytiniotis:2012,
  title		= "Termination combinators forever",
  volume	= "46",
  issn		= "0362-1340",
  doi		= "10.1145/2096148.2034680",
  number	= "12",
  journal	= "SIGPLAN Not.",
  publisher	= "Association for Computing Machinery (ACM)",
  author	= "Maximilian Bolingbroke and Simon Peyton Jones and
		  Dimitrios Vytiniotis",
  year		= "2012",
  month		= jan,
  pages		= "23",
  localfile     = "Termination Combinators Forever.pdf"
}

@Article{	  HUTTER:2002,
  title		= "THE FASTEST AND SHORTEST ALGORITHM FOR ALL WELL-DEFINED
		  PROBLEMS",
  volume	= "13",
  issn		= "1793-6373",
  doi		= "10.1142/s0129054102001199",
  number	= "03",
  journal	= "International Journal of Foundations of Computer Science",
  publisher	= "World Scientific Pub Co Pte Lt",
  author	= "MARCUS HUTTER",
  year		= "2002",
  month		= jun,
  pages		= "431–443",
  localfile     = "The Fastest and Shortest Algorithm for All Well-Defined Problems.pdf"
}

@Article{	  Hur.Neis.Dreyer.ea:2013,
  title		= "The power of parameterization in coinductive proof",
  isbn		= "http://id.crossref.org/isbn/9781450318327",
  doi		= "10.1145/2429069.2429093",
  journal	= "Proceedings of the 40th annual ACM SIGPLAN-SIGACT
		  symposium on Principles of programming languages - POPL
		  ’13",
  publisher	= "Association for Computing Machinery (ACM)",
  author	= "Chung-Kil Hur and Georg Neis and Derek Dreyer and Viktor
		  Vafeiadis",
  year		= "2013",
  localfile     = "The Power of Parameterization in Coinductive Proof.pdf"
}

@Article{	  Tate:2013,
  title		= "The sequential semantics of producer effect systems",
  isbn		= "http://id.crossref.org/isbn/9781450318327",
  doi		= "10.1145/2429069.2429074",
  journal	= "Proceedings of the 40th annual ACM SIGPLAN-SIGACT
		  symposium on Principles of programming languages - POPL
		  ’13",
  publisher	= "Association for Computing Machinery (ACM)",
  author	= "Ross Tate",
  year		= "2013",
  localfile     = "The Sequential Semantics of Producer Effect Systems.pdf"
}

@Article{	  Rideau.Serpette.Leroy:2008,
  title		= "Tilting at Windmills with Coq: Formal Verification of a
		  Compilation Algorithm for Parallel Moves",
  volume	= "40",
  issn		= "1573-0670",
  doi		= "10.1007/s10817-007-9096-8",
  number	= "4",
  journal	= "Journal of Automated Reasoning",
  publisher	= "Springer Science + Business Media",
  author	= "Laurence Rideau and Bernard Paul Serpette and Xavier
		  Leroy",
  year		= "2008",
  month		= jan,
  pages		= "307–326",
  localfile     = "Tilting at Windmills with Coq: Formal Verification of a Compilation Algorithm for Parallel Moves.pdf"
}

@Article{	  Sneyers.Schrijvers.Demoen:2009,
  title		= "The computational power and complexity of constraint
		  handling rules",
  volume	= "31",
  issn		= "0164-0925",
  doi		= "10.1145/1462166.1462169",
  number	= "2",
  journal	= "TOPLAS",
  publisher	= "Association for Computing Machinery (ACM)",
  author	= "Jon Sneyers and Tom Schrijvers and Bart Demoen",
  year		= "2009",
  month		= feb,
  pages		= "1–42",
  localfile     = "toplas-complexity.pdf"
}

@Article{	  Jay.Palsberg:2011,
  title		= "Typed self-interpretation by pattern matching",
  volume	= "46",
  issn		= "0362-1340",
  doi		= "10.1145/2034574.2034808",
  number	= "9",
  journal	= "SIGPLAN Not.",
  publisher	= "Association for Computing Machinery (ACM)",
  author	= "Barry Jay and Jens Palsberg",
  year		= "2011",
  month		= sep,
  pages		= "247",
  localfile     = "Typed Self-Interpretation by Pattern Matching.pdf"
}

@Article{	  Gibbons:2006,
  title		= "Unbounded Spigot Algorithms for the Digits of Pi",
  volume	= "113",
  issn		= "0002-9890",
  doi		= "10.2307/27641917",
  number	= "4",
  journal	= "The American Mathematical Monthly",
  publisher	= "JSTOR",
  author	= "Jeremy Gibbons",
  year		= "2006",
  month		= apr,
  pages		= "318",
  localfile     = "Unbounded Spigot Algorithms for the Digits of Pi.pdf"
}

@Article{	  Wong.Lam.Leung:1999,
  title		= "Using evolutionary programming and minimum description
		  length principle for data mining of Bayesian networks",
  volume	= "21",
  issn		= "0162-8828",
  doi		= "10.1109/34.748825",
  number	= "2",
  journal	= "IEEE Trans. Pattern Anal. Machine Intell.",
  publisher	= "Institute of Electrical & Electronics Engineers (IEEE)",
  author	= "Man Leung Wong and Wai Lam and Kwong Sak Leung",
  year		= "1999",
  pages		= "174–178",
  localfile     = "Using Evolutionary Programming and Minimum Description Length Principle for Data Mining of Bayesian Networks.pdf"
}

@Article{	  Nguyen.Weimer.Goues.ea:2009,
  title		= "Using Execution Paths to Evolve Software Patches",
  isbn		= "http://id.crossref.org/isbn/978-1-4244-4356-7",
  doi		= "10.1109/icstw.2009.35",
  journal	= "2009 International Conference on Software Testing,
		  Verification, and Validation Workshops",
  publisher	= "Institute of Electrical & Electronics Engineers (IEEE)",
  author	= "ThanhVu Nguyen and Westley Weimer and Claire Le Goues and
		  Stephanie Forrest",
  year		= "2009",
  localfile     = "Using Execution Paths to Evolve Software Patches.pdf"
}

@Article{	  Stump.Deters.Petcher.ea:2008,
  title		= "Verified programming in Guru",
  isbn		= "http://id.crossref.org/isbn/9781605583303",
  doi		= "10.1145/1481848.1481856",
  journal	= "Proceedings of the 3rd workshop on Programming languages
		  meets program verification - PLPV ’09",
  publisher	= "Association for Computing Machinery (ACM)",
  author	= "Aaron Stump and Morgan Deters and Adam Petcher and Todd
		  Schiller and Timothy Simpson",
  year		= "2008",
  localfile     = "Verified Programming in Guru.pdf"
}

@Article{	  Wagstaff:2004,
  title		= "Clustering with Missing Values: No Imputation Required",
  isbn		= "http://id.crossref.org/isbn/978-3-642-17103-1",
  doi		= "10.1007/978-3-642-17103-1_61",
  journal	= "Classification, Clustering, and Data Mining Applications",
  publisher	= "Springer Science + Business Media",
  author	= "Kiri Wagstaff",
  year		= "2004",
  pages		= "649–658",
localfile     = "wagstaff-missing-ifcs04.pdf"
}

@Article{	  McKinna:2006,
  title		= "Why dependent types matter",
  volume	= "41",
  issn		= "0362-1340",
  doi		= "10.1145/1111320.1111038",
  number	= "1",
  journal	= "SIGPLAN Not.",
  publisher	= "Association for Computing Machinery (ACM)",
  author	= "James McKinna",
  year		= "2006",
  month		= jan,
  pages		= "1–1",
localfile     = "Why Dependent Types Matter.pdf"
}

@Article{	  Sonnex.Drossopoulou.Eisenbach:2012,
  title		= "Zeno: An Automated Prover for Properties of Recursive Data
		  Structures",
  isbn		= "http://id.crossref.org/isbn/978-3-642-28756-5",
  issn		= "1611-3349",
  doi		= "10.1007/978-3-642-28756-5_28",
  journal	= "Lecture Notes in Computer Science",
  publisher	= "Springer Science + Business Media",
  author	= "William Sonnex and Sophia Drossopoulou and Susan
		  Eisenbach",
  year		= "2012",
  pages		= "407–421",
localfile     = "Zeno: An Automated Prover for Properties of Recursive Data Structures.pdf"
}

@Article{	  Zlochin.Birattari.Meuleau.ea:2004,
  title		= "Model-Based Search for Combinatorial Optimization: A
		  Critical Survey",
  volume	= "131",
  issn		= "0254-5330",
  doi		= "10.1023/b:anor.0000039526.52305.af",
  number	= "1-4",
  journal	= "Annals of Operations Research",
  publisher	= "Springer Science + Business Media",
  author	= "Mark Zlochin and Mauro Birattari and Nicolas Meuleau and
		  Marco Dorigo",
  year		= "2004",
  month		= oct,
  pages		= "373–395",
localfile     = "ZloBirMeuDor2004aor.pdf"
}

@Article{	  Altenkirch.Danielsson.Löh.ea:2010,
  title		= "ΠΣ: Dependent Types without the Sugar",
  isbn		= "http://id.crossref.org/isbn/978-3-642-12251-4",
  issn		= "1611-3349",
  doi		= "10.1007/978-3-642-12251-4_5",
  journal	= "Lecture Notes in Computer Science",
  publisher	= "Springer Science + Business Media",
  author	= "Thorsten Altenkirch and Nils Anders Danielsson and Andres
		  Löh and Nicolas Oury",
  year		= "2010",
  pages		= "40–55",
localfile     = "ΠΣ: Dependent Types Without the Sugar.pdf"
}
